2314 3820
57 214 126 280 σε
147 215 228 278 Jos
242 213 382 289 ιντερ
406 214 489 281 1...v
514 217 598 281 cAP
612 217 691 284 v111
717 227 862 298 §..1-3
922 230 1037 306 νει,
1124 275 1126 283 .

60 370 120 455 γῆς
140 367 300 436 άπολιπαίν
319 366 449 448 θνησκει
471 370 615 459 γηραιδς,
639 377 698 438 και
707 375 807 458 ταφῆς
823 376 855 441 ἕν
874 381 985 461 Φαρα-

58 459 144 523 θοῦνι
166 460 308 545 λαμπρῦς
328 457 477 545 τυγχάνει.

62 617 157 683 GAP
157 669 165 683 ·
186 620 227 683 V
222 621 283 684 ffl-
308 637 336 689 1·
363 607 522 694 Μετάδέ
507 630 644 696 τοῦτον
653 634 858 696 Παλαιστῖνοι
879 625 990 738 mcv-⁸⁹
1052 663 1055 668 ·
1141 665 1144 672 v

56 713 197 792 νήσαντα
220 719 368 800 κρατοῦσι
388 719 451 783 νῦν
472 715 595 802 ’λΙσραη
597 719 687 796 ιτιῦν,
707 723 759 784 καί
774 717 887 803 φάρσος
905 743 1018 802 παρ

54 803 158 868 αδτιῦν
181 803 389 886 ἐλάμβανον
374 829 413 868 επ
443 803 495 880 ε”τη
515 805 752 912 τεσσαράκοντα.
802 804 921 883 Ταύτης
951 805 978 870 δ’

52 891 296 998 ἕλευθεροῦνται
310 891 365 969 τῆς
386 890 519 974 ἀνάγκης
538 889 636 974 τούτῳ
658 895 702 975 τῷ
724 891 838 979 τρόπῳ.

141 994 171 1045 2
193 975 354 1061 Μανιίγης
377 1005 431 1057 τις,
454 981 625 1045 Δανιτῦν’
610 1005 641 1043 εν
658 979 802 1065 ὀλίγοις”
782 1003 907 1088 αριστος
923 983 975 1090 ιιᾳί

49 1065 106 1142 τῆς
127 1068 279 1150 πατρίδος
300 1063 533 1150 ὁμολογούμενος
555 1068 692 1170 πρῶτος,
715 1069 775 1152 εἶχε
798 1067 922 1151 γύναιον
943 1068 975 1131 ἕν

51 1152 206 1236 εὐμορφίᾳ
226 1157 443 1255 περίβλεπτον,
476 1157 528 1217 καί
548 1155 609 1218 νῦν
627 1154 701 1218 καθ’
722 1156 795 1220 αῦτδ
817 1156 972 1270 διᾳφέρον.

50 1237 233 1304 Παίδωνδ’
254 1239 290 1303 οῦ
313 1241 478 1323 γινομένων
500 1237 600 1322 αὐτῷ,
634 1244 827 1326 δυςφοροῦν’
811 1245 861 1304 επί
882 1270 920 1330 τη
951 1254 1016 1312 300
1056 1311 1064 1322 ,

48 1325 200 1407 ἀπαιδίᾳ,
223 1323 277 1390 νῦν
297 1327 405 1390 θεδν“
394 1354 438 1391 ικε
437 1329 541 1404 ’·,ιευεν
564 1329 615 1391 ε’πί
636 1327 669 1393 τῦ
693 1327 876 1413 προάστειον
898 1353 972 1392 ουν-

48 1415 125 1498 εγιῦς
148 1413 266 1495 φοιτεῦν
280 1411 356 1496 μετά
371 1417 426 1491 τῆς
448 1413 606 1498 γυναικδς,
630 1416 735 1481 δοῦναι
751 1414 898 1528 διαδοχην
914 1414 972 1480 αὕ-

45 1503 109 1574 τοῖς
132 1503 280 1606 γνησίμν·
313 1502 409 1607 μίγα
413 1502 491 1564 δί’
475 1525 541 1571 εστι
568 1502 657 1567 τοῦτο
688 1507 801 1568 πεδίον.
842 1499 908 1567 Ην
938 1505 971 1568 δὲ
1022 1524 1025 1531 ·

45 1591 97 1652 ναί
128 1585 336 1670 μανιώδης’
318 1588 369 1660 σοι’
396 1587 506 1675 ε’ριστος
529 1591 580 1653 ε’πί
601 1590 639 1678 τῆ
668 1594 803 1674 γυναικί,
837 1593 889 1655 ναί
919 1587 978 1653 διαί

45 1674 138 1740 τοῦτο
161 1672 361 1752 ζηλότυπος
341 1678 489 1760 ακρατεῦς.
536 1660 726 1781 Μονάθείοη
745 1678 834 1743 δί
796 1705 832 1766 τη
850 1680 971 1760 γυναικί

42 1761 212 1844 φάντασμα
229 1762 440 1842 ἐπιφαίνεται,
463 1763 586 1846 άγγελος
603 1790 657 1829 σου
643 1747 768 1838 θίοῦ,
791 1765 895 1845 νεανίᾳ
912 1787 968 1828 κα-

41 1851 83 1934 λῳ
115 1847 333 1932 παραπλησιος
359 1854 415 1956 μοί
453 1850 586 1934 μεγάλῳ,
628 1857 679 1917 καί
709 1852 844 1936 εὐαγγει
817 1850 967 1933 λιζόμενος

39 1936 123 2025 αὐτῇ
152 1934 263 2044 φαιδδς
293 1962 386 2020 γονην
416 1936 493 2000 κατά
521 1938 599 2003 θεοῦ
622 1937 786 2046 πρόνοιαν,
818 1939 910 2004 καλοῦ
931 1961 965 2002 τε
1013 1951 1015 1966 “

40 2028 93 2089 ναί
117 2021 225 2130 ῥώμην
246 2024 430 2106 ἐπιφανοῦς,
452 2023 541 2107 ὕφ’
526 2025 551 2086 ὦ
573 2051 717 2101 πονησειν
735 2030 910 2092 Παλαιστιι
904 2050 964 2098 ους

40 2110 257 2214 ῦνδρουμελνῳ·
280 2109 410 2198 παρηνει
433 2134 464 2174 τε
481 2115 534 2185 τάς
557 2111 652 2195 κόνιος
674 2113 758 2197 αὐτῷ
778 2113 820 2195 μη
836 2111 961 2218 σῖπομεί-

38 2223 125 2281 ρειν,
148 2195 237 2259 ἔσται
260 2196 287 2260 δ’
307 2197 407 2281 αὐτοῦ·
412 2196 491 2284 πρὸς
514 2199 565 2263 ῦλλ
568 2225 584 2263 ο
605 2206 660 2282 μίν
680 2203 741 2264 νῦν
765 2225 858 2305 ποτρν
879 2199 959 2264 6⁷10-

38 2281 181 2390 προφὴ,
203 2283 258 2346 τοῦ
278 2285 356 2348 θεοῦ
350 2287 462 2348 τοῦτο
483 2285 739 2369 προςτάττοντος,
770 2286 849 2371 πρὸς
877 2287 960 2396 φ’δωρ
1023 2299 1028 2306 ’

38 2375 70 2436 δὲ
93 2369 199 2476 μόνον
218 2369 376 2448 σικειότης.
419 2375 485 2436 Καί
516 2373 534 2436 6
561 2378 617 2456 μίν
646 2373 732 2440 ταῦτ
753 2376 848 2438 εἰπάν
866 2373 961 2458 ι’ίχετο

35 2456 118 2526 κατά
140 2453 287 2539 βούλησιν
307 2455 407 2522 ε’λθοίν
425 2461 480 2524 τοῦ
500 2461 587 2526 θεοῦ

130 2559 161 2612 3.
190 2541 239 2606 ‘II
256 2547 287 2608 δὲ
309 2547 353 2627 τῷ
375 2545 464 2653 άνδρί
486 2548 733 2652 παρᾳγενομίνῳ
741 2545 779 2610 τά
801 2544 886 2632 παρά
908 2545 964 2611 τοῦ

37 2628 170 2738 άγγέλρυ
192 2628 399 2746 ἐκδιηγήσατο,
423 2634 658 2742 ε’κθαυμάζοασᾳ
678 2634 733 2698 τοῦ
750 2661 782 2700 τε
804 2638 963 2699 νεανίσκου

36 2718 71 2783 τά
96 2715 210 2789 κάλλος
232 2721 283 2780 καί
303 2717 339 2782 τδ
360 2720 555 2800 με’γεθσς,“
531 2748 572 2797 ως
593 2723 709 2785 ἐκεῖνον
735 2723 767 2786 ἐκ
789 2723 850 2787 νῦν
873 2723 962 2786 ε’παί

36 2833 98 2870 νων
123 2807 171 2876 εἰς
191 2801 300 2882 ε”κπληξ
301 2831 330 2868 ιν
360 2804 439 2870 κατά
466 2811 647 2882 ζηλοτυπίαν
674 2811 873 2891 περιστῆναι,
909 2809 962 2875 καί

35 2890 193 2956 ὑπόνοιαν
213 2917 269 2968 την
291 2893 325 2954 εἰι
346 2917 486 2957 τοιουτου
494 2892 620 2968 παθους
636 2921 822 3002 κινομμενην.
866 2895 917 2961 H
929 2897 962 2959 δὲ

34 2978 210 3060 βουλομένη
239 3003 296 3084 την
325 2977 432 3062 ἄλογον
462 2981 518 3044 τοῦ
527 2979 648 3066 ἄνδράς
677 2979 775 3059 λῦπην
805 2983 960 3058 σταλῆναι,

34 3064 91 3131 νῦν
122 3061 234 3128 θεδνε
223 3066 335 3130 ινίτευε
357 3065 416 3131 πάλ
419 3093 449 3130 ιν
469 3067 592 3156 πέμψαι
614 3067 667 3133 τάν
687 3069 828 3154 ἄγγελον,
860 3095 901 3145 ως
923 3067 961 3132 ἂν

35 3156 89 3215 καί
112 3177 158 3232 τῳ
143 3149 269 3258 ιμ’νδμί
290 3151 383 3229 αὐτης
404 3151 544 3236 ὁραθείη.
586 3159 652 3217 Καί
675 3159 878 3238 παραγίνεται
898 3152 961 3218 πά-

35 3246 85 3303 λιν
109 3235 192 3302 ιιατά
220 3236 312 3322 χάριν
339 3239 395 3304 τοῦ
414 3239 534 3304 θεοῦ
517 3266 533 3305 ο
556 3239 694 3355 ἅγγελος,
731 3242 827 3306 ὄντοιν
856 3243 888 3306 ἕν
916 3267 959 3326 τῳ

33 3327 232 3432 προαστείῳ,
256 3327 367 3390 καί”
329 3352 365 3412 τη
388 3329 508 3408 γυναικί
529 3333 685 3410 φαίνεται,
706 3350 761 3393 σου
746 3326 889 3414 άνδρδς
903 3353 959 3438 με·

33 3411 207 3499 μονωμὲνῃ
252 3409 302 3478 H
321 3413 383 3476 δ’1
367 3437 520 3495 επιμειναι
546 3419 654 3492 δεηθε
640 3441 691 3480 ισα
719 3443 761 3493 ως
787 3415 825 3481 ἂν
852 3415 961 3500 ἀγάγοι
