2332 3814
144 189 187 258 10
228 170 551 268 FL.J05.ANT1Q.
581 170 616 234 L.
638 169 665 238 Ι.
699 169 785 235 cAP.
809 169 833 233 1.
869 173 895 248 §.
919 180 949 237 ε.
968 178 998 236 4.

111 334 196 408 7καί
221 332 251 394 τί
274 326 309 394 τδ
336 323 439 394 κακόν.
476 329 536 400 Εἷς
558 321 665 432 τοῦτόν
687 347 720 390 τε
745 322 798 390 τόν
823 323 921 402 κῆπον
945 325 1081 409 εἰςαγα·.

140 417 232 521 γόντα
253 414 306 481 τόν
323 439 355 479 τε
372 415 516 496 ’Ἄδαμον
533 410 654 489 κοίτην
676 415 819 495 γυναῖκα,
841 411 978 478 κελεῦσαι
996 412 1059 478 τοῖν

144 504 248 618 φυτῶν
265 503 485 608 ἐπιμελεῖσθαι.
523 499 677 607 ’Ἀρδεται
696 498 780 565 δ
745 499 864 575 ουτοςό
888 501 983 576 κῆπος
1009 495 1071 565 ὑπό

143 591 210 667 ἑνός
224 591 381 701 ποταμοῦ,
410 589 513 652 πάσαν
531 589 563 650 έν
583 585 681 670 κύκλῳ
700 584 755 664 τὴν
770 590 828 671 γῆν
848 589 1071 694 περιρρεοντος,

117 681 187 757 ὃς·
204 681 247 751 εἶς
273 679 407 759 τέσσαρα
434 676 511 760 μέρη
521 676 675 782 σγίζεται.
720 679 784 740 Καί
808 673 928 740 Φειοσίν
947 699 1001 757 μεν
1027 707 1073 723 -·
1154 742 1155 746 ς

148 766 290 849 σημαίνει
306 767 338 828 δέ
355 761 478 839 πίηθδν
495 759 530 825 τό
547 761 707 870 όνομμυ
700 763 780 827 ε’πί
796 761 852 838 τόν
866 759 998 838 Ἰνδικην
1016 784 1075 868 φε-

149 852 291 958 ρόμενος
292 853 450 915 ἐκδίδωσιν
474 853 517 922 εἰς
534 846 568 914 τό
580 848 773 931 πε’λαγος,·“
754 849 805 931 αφ’
822 847 980 924 Ἑλλήνων
990 845 1076 931 Γάγ-
1155 906 1156 910 ,

149 965 217 1047 γης
227 935 389 1042 λεγόμενος.
428 933 601 1044 Εὐφράτης
618 939 650 1000 δέ
665 961 715 1000 και
708 937 869 1022 Τίγρης
854 939 906 1000 επί
921 963 976 1012 την
984 933 1078 1042 Ὲρυ·

150 1024 244 1132 θράν
262 1023 371 1088 ἀπίασι
390 1021 569 1089 θάλασσαν·
599 1022 735 1086 καλεῖται
754 1023 816 1087 δέ
800 1049 815 1088 σ
833 1025 888 1104 μέν
905 1021 1077 1102 Εὐφράτης

154 1109 259 1198 Φορά,
283 1109 423 1194 σημαίνει
438 1109 510 1174 δέ”
489 1135 559 1186 ητσι
574 1106 791 1220 σκεδασμὸν
770 1137 790 1187 η
815 1109 928 1188 ἄνθος,
960 1112 1078 1215 Τίγρης

154 1203 187 1266 δέ
211 1196 349 1282 Διγλάθ,
379 1198 414 1271 ἐξ
433 1195 469 1262 οὗ
493 1195 641 1279 φράζεται
665 1193 701 1261 τό
719 1194 795 1279 μετά
818 1195 1068 1276 στενότητοςυ
1014 1194 1078 1270 ὀξέι.

86 1329 91 1338 ,
155 1283 267 1434 Γηεόνλ
270 1288 321 1388 δέ,
344 1281 396 1348 διά
419 1310 473 1360 της
487 1281 679 1367 Αιγυπτον
663 1307 746 1392 ρεων,
776 1285 862 1360 δηί
830 1280 1003 1348 οιτόνάπό
1021 1282 1080 1360 τοῖς
1148 1360 1150 1370 y

156 1373 267 1438 άνατοί
270 1397 304 1450 ης
327 1369 584 1454 ἀναδιδόμενον
564 1371 649 1453 ημῖν,
681 1369 715 1434 όν
745 1371 777 1435 δέ
799 1373 927 1450 Νεῖλον
929 1371 1079 1448 ’Έλληνες
1158 1395 1159 1438 ί

100 1531 103 1534 ,
156 1447 442 1564 προςαγορεόουριν
527 1474 555 1521 .“

247 1560 274 1612 4,
297 1541 390 1620 ‘oon
408 1545 456 1608 τοί
470 1569 524 1607 νυν
545 1540 618 1617 θεός
636 1541 690 1609 τόν
699 1543 844 1628 Αδαμον
860 1571 910 1610 και
940 1570 997 1622 την
1016 1567 1081 1647 γυ·
1159 1558 1160 1570 ’

158 1633 249 1697 ναῖκα
273 1630 335 1718 τοῖν
328 1632 406 1736 μέν
420 1631 517 1696 άίίαν
533 1631 635 1710 φυτοῖν
654 1631 766 1695 ἐκέλευε
783 1631 946 1715 γεύεσθαι,
977 1655 1031 1694 τον
1016 1631 1081 1698 δὲ

161 1719 215 1796 τῆς
238 1711 411 1822 φρονήσεως
442 1716 632 1801 ἀπέχεσθαι,
664 1718 821 1801 προειπεῖν
847 1717 1017 1824 μιμαμένοις
1047 1717 1083 1793 ἐξ

161 1804 256 1870 αὐτοῦ
278 1805 406 1889 όλεθρον
427 1804 631 1887 γενησόμενον
673 1803 933 1913 Ομοφωνομντων
957 1807 990 1868 δὲ
1014 1829 1075 1868 κατ
1161 1883 1162 1886 ¹

161 1891 256 1958 ἐκεῖνο
283 1891 393 1975 καιροῦ
411 1891 471 1954 ταῖν
488 1889 614 1965 ζώων
594 1889 754 1970 απάντων,
785 1891 909 1973 όῦφις,
943 1894 1084 1956 συνδιαι·
1161 1893 1162 1906 ’

161 1976 292 2090 τάμενος
315 2003 357 2060 τῳ
383 2002 416 2042 τε
423 1975 568 2092 Ἀδάμαρ
599 1981 651 2043 καί
678 1980 718 2066 τῇ
744 1983 881 2060 γυναικί,
920 1977 1084 2062 φθονεραῖς

76 2093 79 2102 ·
161 2063 267 2175 μέγ’
213 2089 316 2148 ειχεν
339 2063 385 2146 ἐφ’
403 2065 448 2138 οἷς
470 2063 580 2138 αὐτοῦς
594 2049 867 2147 εῦδαιμονήσειν”
842 2090 930 2148 οιετο,
951 2089 1084 2132 πεπεισ-

160 2152 280 2235 μένους.
293 2153 357 2224 τοῖς
381 2151 436 2215 τοῦ
463 2152 540 2216 θεοῦ
568 2155 825 2236 παραγγέλμασιν.
871 2151 1016 2234 Οἰόμενος
1047 2154 1084 2218 δὲ

157 2237 304 2322 συμφορά
321 2240 556 2343 περιπεσεῖσθαι
569 2237 831 2321 παρακούσαντας,
849 2237 1012 2304 ἀναπείθει
1023 2263 1085 2302 κα·

98 2402 100 2410 y
161 2323 285 2402 κοηθως
305 2351 361 2400 την
382 2325 508 2406 γυναῖκα
530 2323 702 2408 γεύσασθαι
725 2328 780 2390 τοῦ
806 2328 903 2408 φυτοῦ
924 2347 979 2402 της
999 2349 1086 2438 φροι-

161 2435 295 2488 νησεως,
318 2412 350 2474 έν
372 2409 455 2492 αὐτῷ
476 2412 568 2494 λέγων
589 2410 724 2476 εἶναι’
687 2440 743 2522 τιγν
766 2438 799 2478 τε
814 2413 869 2518 τρῦ
891 2411 1014 2519 άγαθοῦ
1029 2412 1086 2475 καὶ

116 2545 120 2560 .
162 2498 217 2563 τοῦ
239 2496 334 2562 κακοῦ
355 2495 575 2578 διάγνωσιν,
553 2523 591 2572 ης
612 2501 770 2603 γενομένης
798 2498 911 2572 αὐτοῖς.
929 2496 1086 2582 μακάριον
1144 2531 1147 2536 ·

162 2609 213 2650 και
206 2582 329 2688 μηδέν
352 2581 559 2695 ἀπολείποντα
571 2587 627 2650 τοῦ
652 2588 741 2650 θείου
763 2583 875 2659 διάξειν
895 2589 973 2668 βίον.
1015 2587 1088 2650 Καὶ

163 2665 390 2753 παρακρούεται
410 2671 466 2751 μέν
488 2671 565 2736 οὕτω
588 2698 643 2748 την
662 2675 789 2781 γυναῖκα
811 2696 865 2745 της
886 2670 1004 2771 ἐντολῆς
1026 2669 1088 2738 τοῦ

162 2757 240 2820 θεοῦ
246 2757 506 2859 καταφρονῆσαι·
539 2759 716 2864 γευσαμένη
739 2755 775 2834 δη
806 2757 866 2820 τοῦ
884 2755 998 2837 φυτοῦ,
1030 2757 1089 2821 και

157 2841 297 2920 ηοθεῖσα
327 2843 372 2924 τιγῖ
398 2843 555 2926 έδεσματι,
600 2846 652 2906 καί
681 2841 734 2908 τόν
757 2841 945 2922 ”Αδαμον’
925 2841 1088 2906 ανέπεισεν

86 2975 90 2984 «
163 2927 247 3012 αὐτῷ
262 2925 455 3038 χρήσασθαι.
497 2933 563 2994 Καὶ
591 2927 732 3038 συνίεσάν
752 2953 785 2993 τε
806 2930 921 2996 έαατιῦν
932 2928 1008 3006 ἤδη
1030 2953 1086 3012 γε-

163 3015 378 3101 γαμουμένων,
422 3019 474 3083 καί
505 3013 560 3093 τήν
593 3013 740 3122 αἰσχύνην
772 3017 931 3124 ὕπαιθρον
964 3014 1087 3099 ἔχοντες
1160 3083 1162 3088 ,

165 3103 279 3179 σκέπην
301 3104 418 3177 ἑαυτοῖς
434 3100 593 3168 ἐπενόουν·
613 3101 648 3167 τό
656 3100 731 3214 γάρ
750 3101 846 3185 φυτόν
867 3102 1010 3180 ὀξύτητος
1030 3105 1088 3166 και
1160 3117 1161 3122 ’

164 3187 335 3268 διανοίας”
316 3190 441 3294 υπῆρχε.
488 3187 617 3264 Φάίίοις
634 3185 689 3254 οῦν
701 3188 826 3264 εαυτοῦς
842 3190 936 3266 ουκῆς
952 3188 1087 3254 ἐσκέπα-

164 3297 239 3353 σαν,
260 3277 426 3340 καὶταῦτα
443 3275 505 3363 πρό
522 3277 577 3355 τῆς
597 3276 702 3351 αἰδοῦς
724 3274 981 3383 προβαλλόμενοι,
1004 3275 1086 3378 μάλ·-

162 3369 214 3429 ίον
230 3359 352 3430 ἐδόκουν
373 3360 597 3446 εὐδαιμονεῖτ’
579 3388 659 3430 οταν
682 3361 831 3450 πρότερον
855 3359 1014 3440 ἐσπάνιζον
1030 3385 1086 3426 ει-

700 3629 711 3658 δ
