2314 3820
135 181 239 252 ,εει
279 169 337 234 ιτ.
358 163 441 234 Jos
454 117 602 244 ιυτιο.
634 167 740 233 τοι
776 166 866 232 σοι.
885 165 977 235 vm.
973 173 1026 248 ε.
1046 183 1098 238 21

173 321 236 390 ἀλλ’
257 321 299 398 οῖς
320 319 357 390 05
384 325 455 411 περί
475 322 536 390 τῦν
556 319 723 427 τυχόντων
731 319 884 405 ἀμελεῖται
906 315 970 396 τοῖς
991 318 1097 408 νόμοις

144 411 150 423 '
174 408 274 476 εἰδόσι
296 413 499 516 προνοεῖσθαι
520 411 576 474 τοῦ
597 438 655 476 κατ
685 406 794 482 αὐτούς
816 407 984 492 ἀμέμπτου.

232 496 489 580 ·21.Ἀμοῖντας
512 499 617 562 δὲκαὶ
639 498 876 598 συναιροῦντας
879 493 918 558 τά
940 497 1036 602 θέρη,
1054 493 1098 578 μή

173 585 391 667 καλαμᾶσθαι·
415 588 607 650 καταλείπειν
630 585 664 648 δέ
677 610 746 650 τινα
768 585 819 646 καί
832 582 893 648 τοῖν
915 579 1099 688 δραγμάτων
1139 597 1141 714 ’χ

173 673 237 746 τοῖς
258 674 327 754 βίου
357 674 569 748 σπανίζουσιν,
610 669 741 754 ἐ’ρμαιου
766 669 845 736 εἶναι
870 667 992 744 τούτοις
1019 666 1100 754 πρός

128 749 141 799 .'
175 756 360 843 διατροφήν·
383 756 493 841 ὁμοίως
516 759 547 822 δι’
569 759 622 854 καί
642 759 698 835 τῆς
718 754 829 865 τρύγης
850 754 1028 824 ἀπολείπειν
1045 757 1100 829 τάς
1140 707 1142 816 ί

173 843 369 926 ἐπιφυλλίδας
388 846 452 920 τοῖς
472 845 598 921 πε”νησι
622 847 673 908 καί
694 846 754 908 ταῖν
776 845 884 908 έλαίων
905 843 1051 926 παρεῖναί
1066 866 1100 908 τι
1142 841 1143 920 5

175 933 231 996 τοῦ
253 932 373 1012 καρποῦ
394 927 471 1014 πρός
492 928 639 1036 συλλογήν
662 933 726 1004 τοῖς
748 933 779 1005 ἐξ
801 933 887 994 ἰδίων
915 927 971 1034 οῦκ
983 927 1101 1034 έχουσι
1143 957 1144 1024 χ

174 1019 362 1100 μεταλαβεῖν.
409 1015 457 1081 Ου’
476 1013 609 1095 τοσαύτη
630 1013 688 1100 γάρ
711 1015 750 1081 ἀν
772 1017 805 1080 έκ
827 1017 882 1094 τῆς
902 1018 942 1080 έπ
941 1014 1145 1123 ’ἀκριβὲς

175 1101 276 1168 αὐτῶν
295 1104 442 1212 συλλογῆς
464 1101 591 1190 εύπορία
612 1105 675 1177 τοῖς
696 1093 859 1178 δεσπόταις
882 1103 1014 1186 γένοιτο,
1043 1102 1101 1178 ὅση

174 1187 265 1276 χάρις
288 1189 321 1254 ίκ
344 1215 405 1254 των
428 1159 575 1272 δεομέυόιν
602 1186 705 1267 ἔλθοι,
735 1186 770 1256 τό
798 1214 832 1254 τε
853 1190 941 1254 θεῖον
963 1215 1021 1268 την
1042 1190 1102 1274 γῆν
1145 1190 1146 1244 ί

129 1276 471 1388 ,προθυμοτέραν
437 1280 479 1350 εἰς
500 1301 558 1354 την
585 1276 737 1382 ἐκτροφὴν
759 1276 820 1342 τοῖν
843 1276 970 1388 καρπῦν
1001 1275 1104 1362 ἀπερῆ
1146 1306 1147 1368 ι

175 1388 319 1468 γασεται,
350 1364 392 1445 μὴ
415 1364 471 1428 τοῦ
491 1361 566 1428 καθ
593 1362 706 1439 αύτούς
728 1363 960 1472 προιοουμένων
979 1371 1103 1429 λυσιτε·

176 1451 260 1529 λσῦς,
281 1448 355 1514 ἀλλὰ
378 1449 491 1515 καί”
452 1475 507 1527 της
527 1449 588 1514 ταῖν
602 1449 698 1515 ἀλλων
717 1451 887 1557 διατρρφῆς
903 1447 1027 1558 λόγον’
1011 1447 1103 1556 εχόν

176 1560 248 1602 των.
292 1538 384 1614 Μηδὲ
398 1534 599 1618 βοοῖν,“οπότε
615 1539 750 1622 τρίβοιεν
765 1534 836 1614 τούς
852 1534 996 1643 στάχυας,
1019 1537 1103 1605 ἀπο-
1148 1539 1149 1598 λ

178 1625 239 1690 δεῖν
269 1620 308 1688 τά
331 1621 467 1705 στόματα
490 1625 540 1686 έπί
561 1625 615 1702 τῆς
637 1625 778 1710 ἅλωος
790 1623 826 1690 οῦ
847 1620 910 1729 γάρ
940 1623 1022 1689 εἶναι
1041 1627 1104 1688 55-
1149 1655 1151 1818 χ

177 1734 265 1783 καων
286 1713 397 1794 εἵργειν
424 1707 495 1784 τούς
517 1685 786 1815 συνειργασμένους
807 1712 862 1776 τοῦ
883 1710 1043 1818 καρποῦ,
1049 1710 1105 1776 καί

165 1792 251 1882 [περί
277 1797 351 1875 τὴν
362 1796 478 1903 γένεσιν
507 1795 602 1862 αὐτοῦ
631 1797 842 1876 πονήσαντας·
871 1795 993 1880 μηδέ
974 1771 1151 1882 οποίρας

178 1881 369 1966 ἀκμαζούσης
400 1880 525 1953 κωλύειν
552 1885 708 1950 ἅπτεσθαι
736 1884 807 1960 τούς
829 1885 890 1968 ὁδῷ
910 1889 1102 1967 βαδίζοντας,
1151 1888 1152 1932 ί

180 1969 242 2040 ἀλλ’
273 1969 314 2048 αῖς
344 1972 375 2048 έξ
397 1974 516 2038 οἰκείων
548 1969 652 2052 αῦτοῖς
673 1974 847 2059 ἐπιτρέπειν
874 1973 1101 2056 ἐμπίπλασθαι,

154 2133 155 2136 ¹
179 2057 235 2142 κᾷν
258 2054 400 2165 ε’γχοίριοι
418 2055 593 2145 τυγχάνωσι
609 2060 665 2144 κάν
688 2063 781 2140 ξένοι,
802 2061 1004 2168 χαίρρντας’
987 2061 1040 2123 εντί
1058 2059 1102 2141 τῷ

179 2146 324 2231 παρέχειν
349 2145 454 2221 αὐτοῖς
474 2148 536 2213 ταῖν
560 2146 681 2232 ἀραίων
703 2177 724 2232 μ
726 2145 966 2251 τίοχλαμβάνειν·
990 2147 1101 2258 ε’πιφέ·

179 2242 295 2340 ρεσθαι
322 2231 411 2298 δ”
371 2235 473 2307 αυτοῖς
493 2235 587 2315 μηδέν
609 2236 733 2312 ἐξέστω·
763 2239 840 2317 μηδὲ
860 2232 1032 2318 τρυγοῖντες
1060 2230 1102 2297 ὧν

179 2345 223 2394 εις
247 2317 301 2394 τάς
321 2321 430 2398 ληνοδς
452 2325 675 2402 κομίζουσιν
645 2347 829 2405 ειργετωσαν
859 2321 929 2397 τούς
949 2316 1101 2428 ῦπριντιά-

180 2412 285 2482 ζοντας
306 2407 479 2481 ἐπεσθίειν,
502 2407 608 2472 άδικον
625 2406 684 2512 γάρ
707 2407 853 2490 ἀγαθοῖν,
887 2406 909 2472 ἀ
926 2402 1005 2474 κατά
1027 2403 1101 2488 βού-

180 2501 268 2570 λησιν
289 2493 366 2557 θεοῦ
381 2494 543 2596 παρῆλθον
562 2498 605 2567 είς
628 2492 679 2560 τόν
701 2499 778 2577 βίοι,
801 2497 929 2576 φθονεῖν
950 2493 1016 2568 τοῖς
1033 2496 1100 2598 έπε-

137 2593 201 2656 238
225 2580 379 2659 θυμοῦσιν
400 2577 500 2644 αύτῦν
522 2605 597 2663 μετα
600 2580 777 2663 λαμβάνειν,
809 2583 863 2658 τῆς
885 2581 967 2687 ὥρας
993 2582 1026 2646 ἕν
1046 2579 1100 2646 ἀν’

141 2713 146 2722 .
180 2665 223 2752 μχῖ
244 2689 276 2729 τε
298 2663 391 2774 ούρης
414 2667 466 2733 καί
493 2666 682 2744 σπευδούσης
704 2666 866 2746 ἀπελθεῖν,
898 2667 940 2744 οῖς
967 2668 1013 2751 τῷ
1036 2665 1100 2732 θεοῦ

97 2801 103 2809 ,
163 2751 395 2836 κεχαρισμένον
413 2750 451 2816 ἀν
471 2754 547 2828 εἴη,
551 2752 609 2836 κάν
629 2752 681 2818 ἀπ’
698 2753 845 2839 αἰσχύνης
867 2753 955 2828 τινάς
974 2753 1098 2820 δκνοῦν·

180 2862 236 2912 τας
257 2838 421 2920 ἅψασθαι,
446 2843 548 2920 λαβεῖν
563 2841 884 2953 παραχαλείτωσαν,’
866 2867 957 2915 οντας
971 2843 1029 2936 μεν
1044 2839 1099 2906 Ἰσ-

180 2923 390 3029 ραηλίτας,’
365 2951 406 2999 ως
427 2924 588 3002 κοινωνούς
610 2953 660 2990 και
652 2927 845 3001 δεσπότας
848 2923 899 2992 διά
919 2925 976 3006 τήν
993 2926 1100 3012 συγγέ-

180 3030 283 3079 νειαν·
312 3009 517 3124 ἀφιγμένους
532 3011 622 3078 δλ
586 3041 606 3078 α
608 3011 756 3119 λλαχόθεν
784 3012 970 3099 ἀνθρώπους
1000 3020 1103 3090 ξενίων

181 3101 282 3184 τυχεῖν
300 3097 517 3178 ἀξιοῦντες,
492 3127 535 3166 ων
556 3099 660 3175 ὁθεός
680 3101 758 3165 καθ
775 3102 858 3183 ὥραν
881 3101 998 3176 αὐτοῖς
1006 3101 1105 3210 παρέ-

181 3209 261 3268 σχεν.
304 3183 509 3270 Αναλούματα
529 3183 588 3292 γάρ
621 3187 676 3294 οῦχ
692 3187 861 3294 ἡγητέον,
851 3189 932 3253 όσα
953 3213 1003 3262 τις
1024 3183 1105 3256 κατά

181 3271 372 3377 χρηστότητα
394 3279 540 3378 παρίησιν
562 3273 719 3358 ἀνθρωπῳ
742 3272 925 3378 λαμβάνειν,
948 3275 1005 3340 τοῦ
1025 3273 1104 3340 θεοῦ

181 3356 239 3438 τόν
260 3357 416 3442 ἀφθονίαν
436 3362 498 3428 τοῖν
519 3359 647 3446 ἀγαθοῖν
667 3363 899 3448 χορηγοῦντος,
921 3359 976 3427 οῦκ
997 3363 1058 3428 έπί
1062 3357 1109 3426 τῦ
