2332 3814
179 91 237 184 εἰ.
257 118 342 186 τοο.
364 89 501 202 ουτος.
522 121 565 188 L.
577 123 619 186 11.
649 123 733 190 σοι».
751 125 803 190 v1.
827 133 855 206 §.v
876 141 906 198 ι.
970 73 1027 208 κεἲ
1107 187 1113 196 .

20 313 22 342 ι
93 301 143 340 και
135 273 306 340 δοκοῦντι
330 273 572 357 κινδυνεύειν,
551 305 571 356 η
593 276 834 392 καταλιπόντες,
861 280 1013 358 ωνοδδέν

92 362 178 428 αὑτολ
186 362 467 474 κεκακουργηκότες,
477 369 594 431 απιασι
602 391 681 450 προς
690 391 742 430 τον
754 371 882 454 πατέρα
908 369 1012 450 Ποιή-

91 475 199 526 σαντος
219 455 252 516 δέ
274 452 329 516 τοὺ
348 453 465 518 οἰκέτου
490 449 529 518 τοί
550 454 764 536 ἐντεταλμένα,
794 456 913 538 μεθή
894 455 1011 542 ἡμέραν

20 531 21 620 6
90 537 177 604 οὐδέν
198 535 315 604 τούτων
344 537 457 614 εἰδότες
478 545 509 606 οἱ
531 539 585 604 τοὺ
611 539 760 622 Ἰακώβου
788 543 934 617 παῖδες
898 543 1009 650 απήε-
1072 565 1076 574 “

88 650 153 705 σαν,
174 623 377 708 ὑπειληφότες
392 624 610 710 τὺνΣυμευῖνα,
633 654 688 694 και
676 627 842 707 διπλῆν
825 627 924 715 χαρὺν
939 636 1009 716 χαί»

87 738 206 800 ροντες,
226 713 281 776 έπί
300 737 334 778 τε
354 711 469 796 τούτῳ,
490 717 542 780 καί
562 716 613 780 ε’πί
633 715 678 798 τῷ
699 714 950 800 τόνΒενιαμλν”
930 744 1009 784 απο-

85 800 277 882 κομίζειν
231 827 275 882 τοι
297 804 416 885 πατρί,
429 761 537 877 κύθοίς
556 799 732 910 ὑπέσχοντο.
766 802 1009 887 Περιελαύνουσι

86 885 112 952 δ’
129 885 245 960 αύτούς
267 890 387 966 ἱππεῖς,
407 888 531 1004 ἄγοντές
552 886 606 960 τόν
626 891 761 970 οἰκέτην,
784 891 817 966 ὑς
839 893 1009 958 ἐναπέθετο

85 975 128 1056 τηῖ
148 975 207 1038 τοὺ
228 979 381 1079 Βενιαμίν
403 979 519 1082 φορτίῳ
545 974 598 1040 τόν
618 975 742 1059 σκύφον.
790 981 1008 1086 Ταραχθέντες

85 1060 159 1126 δέ’
139 1059 203 1126 υπό
233 1061 289 1138 τῆς
317 1060 534 1140 ἀδοκήτου
490 1091 551 1130 των
573 1066 692 1128 ἱππέων
714 1064 839 1148 έφόδου,
877 1067 929 1133 καί
950 1063 1008 1144 τήν

84 1151 186 1214 αἰτίαν
208 1143 382 1230 πυθόμενοι
407 1148 493 1215 66⁸
471 1177 508 1227 ην
534 1147 582 1214 ἰπ
604 1150 718 1232 ἄνδρας
740 1152 939 1232 έληλύθασιν,
978 1159 1012 1218 οἳ
1057 1207 1064 1230 ,

82 1233 190 1318 μικρόν
215 1233 418 1342 ἔμπροσθεν
415 1238 504 1316 τιμῆς
534 1241 586 1310 καί
607 1241 705 1312 ξενίας
726 1237 925 1322 τετυχήκασιν
948 1239 1006 1307 αὑ·

80 1323 139 1387 τὺν
159 1319 251 1430 παραί
270 1324 325 1386 τοῦ
350 1321 514 1400 δεσπότου,
555 1327 729 1404 νεανίσκους
759 1325 946 1407 ἀπεκάλουν,
976 1333 1010 1392 οἰ

48 1429 52 1437 ·
79 1408 147 1494 μηδ’
168 1406 247 1474 αὑτό
268 1410 376 1487 τοῦτο,
408 1407 464 1488 τήν
486 1414 584 1486 ξενίαν
614 1417 666 1476 καί
694 1410 750 1490 τήν
777 1421 829 1495 φιλ
832 1412 1004 1523 οφροσύννρι

81 1494 305 1608 τούἸωοήπου
329 1495 381 1564 διαί
402 1495 520 1581 μνήμης
542 1493 698 1579 λαβόντες,
721 1497 775 1563 οὑκ
797 1501 937 1586 ὤκνησαν
959 1503 1004 1575 εἰς

80 1581 172 1658 αύτδν
194 1584 298 1650 αδικοι
304 1586 485 1669 γενεσθαι
498 1582 613 1694 σκύφον
630 1589 663 1650 δε
670 1633 678 1664 ,
702 1583 727 1666 6
749 1592 927 1666 φιλοτησίας
945 1585 1003 1660 αὑ-

79 1673 140 1746 τοῖς
160 1673 343 1780 προέτειναν,
366 1671 513 1757 αἰρόμενον
533 1674 663 1779 φέροιεν,
686 1673 810 1756 κέρδους
826 1669 984 1737 αδίκου’
946 1701 1003 1751 την

79 1783 112 1824 τε
130 1757 212 1844 πρός
234 1757 380 1836 Ἰούσηπον
403 1763 515 1841 φιλίαν,
537 1757 590 1824 τόν
605 1784 637 1824 τε
652 1759 766 1824 ἑαυτῶν
783 1763 811 1824 εἰ
827 1763 1003 1870 φωραθεῖεν

79 1847 254 1910 κίνδυνον
235 1871 270 1909 εν
283 1849 416 1932 ’δευτέρῳ
432 1847 574 1928 θεμενοα
597 1851 745 1930 τιμωρίαν
768 1871 800 1911 τε
815 1841 868 1912 οὖν
892 1845 1004 1922 αύτούς

79 1932 196 2014 ὑφεξειν
213 1930 374 2010 ἠπείλουν,
405 1958 441 1998 ον
464 1931 618 2008 λαθόντας
639 1931 695 1998 τόν
713 1931 805 2010 δεδι,
838 1932 943 1998 οὑδΗ
922 1959 1003 1999 απο-

81 2018 211 2130 δρύντας
231 2018 312 2100 μεταλ
329 2021 384 2097 τής
405 2022 533 2126 κλοπῆς,
564 2023 593 2082 εἰ
614 2025 666 2084 καί
693 2016 747 2084 τόν
770 2017 1003 2104 διακονούμενον
1035 2047 1039 2058 ·

80 2109 198 2216 οἰκέτην
211 2110 366 2172 διελαίλον.
412 2103 641 2174 Πυνδόνεσθαί
662 2132 694 2172 τε
710 2107 779 2183 νῦν,
803 2113 834 2172 τί
852 2105 1009 2190 παρόντεςΙῚ
1053 2111 1056 2118 ’

80 2195 195 2278 εἴημεν,
223 2219 266 2267 ως
287 2193 344 2259 οὐκ
364 2191 495 2268 εἰδότες·
525 2191 702 2309 γνωσεσδαι
716 2194 820 2276 μέντοι
841 2192 1001 2299 κολαζόμε-

81 2305 126 2345 νοι
147 2279 268 2346 αὐτίκα.
269 2283 288 2311 ’
330 2285 397 2346 Καὶ
419 2283 583 2347 ταῦτακαὶ
605 2282 685 2366 πέρα
699 2281 814 2344 τούτων
831 2284 874 2352 εἰς
890 2275 1001 2353 αὑτοὺς

81 2367 210 2450 λέγων’
191 2393 208 2432 ο
230 2355 351 2445 οἰκετης
370 2366 531 2475 ἰνύρριζεν.
571 2374 618 2431 Οἱ
640 2372 699 2444 δέ,
713 2363 774 2431 ὑπό
796 2365 919 2448 ἀγνοίας
940 2367 1002 2430 τῶν

80 2459 148 2541 περί
177 2453 291 2530 αὐτούς
315 2453 507 2566 ἰγλεύαζον’
491 2456 543 2519 επί
564 2457 626 2528 τοῖς
654 2455 840 2540 λεγομένοις,
874 2455 925 2518 καί
946 2453 1000 2531 τῆς

80 2546 276 2626 κουφολογίας
299 2539 365 2606 τόν’
375 2544 495 2652 οἰκέτην
509 2540 701 2624 ίθαύμαζον,
725 2541 881 2656 τολμῶντα
898 2543 1001 2606 αἰτίαν

81 2629 235 2715 ἐπιφέρειν
256 2626 420 2734 ἀνδράσιν,
449 2635 476 2694 οἱ
475 2631 571 2711 μηδέ
593 2625 649 2705 τήν
670 2629 725 2692 τοῦ
747 2628 831 2694 σίτου
853 2626 943 2711 τιμήν
967 2629 1000 2692 έν

80 2717 139 2791 τοίς
159 2718 283 2789 σακίοις
302 2713 403 2780 αὑτοῖν
422 2715 601 2823 εὑρεθεῖσαν
621 2716 784 2800 κατέσχον,
813 2713 875 2779 666'
895 2712 1000 2797 ἐκόμι-

80 2825 135 2868 σαν
154 2801 286 2887 μηδενός
316 2800 431 2878 εἰδότος
454 2800 488 2867 τό
511 2801 671 2886 πραχθέν·
706 2803 851 2868 τοσοῦτον
875 2801 999 2866 όποδεῖν

78 2888 260 2978 τοὺγνούμη
266 2892 482 2998 κακουργῆσαι.
516 2892 579 2966 Της
589 2914 693 2970 μεντοι
702 2914 735 2976 γε
746 2914 900 2971 αρνησεως
914 2887 1000 2966 ἀξιο-

78 2979 264 3061 πιστοτέραν
284 2977 488 3059 ὑπολαβόντες
509 2973 565 3054 τήν
585 2974 726 3060 ἔρευναν,
748 2977 881 3042 ἐκέλευον
903 2971 998 3060 ταύτη

77 3065 234 3148 χρῆσθαι,
267 3064 377 3128 (καί
356 3089 395 3130 αν
407 3055 528 3171 εὑρεδῇ
548 3087 596 3136 τις
617 3063 825 3172 ὑφῃρημένος,
860 3061 1000 3134 ἅπαντας

77 3150 247 3228 κολύζειν’·
269 3149 354 3215 οὑδεν
376 3149 434 3255 γοίρ
451 3148 554 3223 αὑτοῖς
573 3145 803 3224 συνειδότες,
782 3172 857 3230 ηγον
879 3149 1000 3233 παρ’ῥη·
1004 3157 1008 3165 “

77 3242 162 3315 σίαν,
185 3237 228 3312 εύς
249 3235 391 3314 ἰδύκουκ,
414 3235 581 3304 οἰκίνδυνον.
628 3240 668 3300 Οἰ
685 3237 718 3298 δε
733 3232 789 3311 τήν
805 3233 929 3343 ε”ρευναν
943 3238 1000 3317 μέν

20 3413 21 3428 ¹
76 3323 209 3403 ήξίοισαν
222 3323 427 3406 ποιήσασθαι,
450 3320 507 3404 τήν
525 3323 630 3410 μέντοι
651 3321 801 3408 τιμωρίαν
815 3316 881 3397 ενδς
901 3345 1000 3406 εφασ-
