2324 3826
183 179 251 248 234
314 165 372 233 ει.
388 166 470 231 sos
489 166 627 242 Αντιο.
658 165 692 229 L
708 117 766 231 ix
800 165 886 231 σιν
903 167 976 232 111..
991 171 1020 246 §
1033 181 1064 236 1

183 319 288 402 ιεήσειν
309 316 420 394 αῦιοδς
442 317 555 397 ταύτην
577 309 774 398 ποιήσασθαι
806 315 862 398 τήν
884 319 1071 427 ἔφοδον,”
1032 347 1104 430 -φρ

132 475 139 482 ,
174 434 284 514 ’μησαν
306 414 334 473 οἱ
356 410 435 490 τρεῖς
457 409 637 490 βασιλεῒς’
622 433 654 470 εκ
681 409 738 472 τιῦν
766 405 1001 514 I66o66666oev,
1038 409 1104 476 ὄτι

180 494 296 562 τούτων
321 493 422 560 αὐτῶν
443 498 495 560 ιιαλ
516 492 533 558 6
557 521 611 572 της
624 496 802 577 Σαμαρειας
825 494 917 563 ναλ
899 521 915 560 ο
935 495 1022 576 τής
1015 495 1104 600 '1666-

179 585 284 698 μαίας
326 586 392 646 Καὶ
414 579 647 654 κυκλώσαντες“
632 581 708 646 επτά
732 580 852 666 ήμερῶν
873 579 992 647 ῦδδν’
962 607 1007 658 εις
1028 581 1105 647 άπα-

180 673 252 758 ρλαν
274 667 384 742 ῦδατος
406 672 469 742 τοῖς
491 694 522 732 τε
555 667 677 744 κτήνεσι
699 671 751 732 καὶ
781 669 819 774 τῇ
840 669 975 754 στρατιᾷ
987 669 1105 778 περιέ-

180 783 313 835 σετησαν,
337 757 556 832 πλανηθέντων
578 755 633 828 τάς
626 753 737 838 ὁδοῦς
762 755 866 830 αι’τοῖς
889 757 952 822 τῶν
975 755 1105 840 676666-

92 855 95 860 “
179 869 258 922 των,
281 870 321 918 ως
343 842 477 955 6666166
499 845 554 950 μὲν
575 842 727 921 ἅπαντας,
757 841 889 925 μάλιστα
914 847 946 908 δὲ
968 842 1024 908 τὸν
1044 841 1105 908 '16-

181 956 296 1038 ραμρν,
320 933 372 992 καλ
393 927 453 992 666
475 927 570 1032 λάπης
592 930 739 1009 ἐκβοῆσαι
759 927 857 1034 πρδς
859 928 913 998 τάν
934 928 1047 1036 θεάν,
1062 931 1106 996 *τλ

180 1017 275 1084 ιιαιιδν
296 1013 510 1096 αἰτιασάμενος
531 1011 641 1098 άμάμοι
662 1014 734 1094 τοῦς
756 1021 837 1100 τρεῖς
856 1011 1047 1098 βασιλέας
1027 1045 1105 1100 αμα-

180 1107 252 1188 χητλ
289 1100 507 1186 παραδώσων
513 1101 624 1176 αὐτοῦς
663 1103 708 1185 τῷ
736 1104 917 1184 Μωαβιτῶν
950 1107 1106 1185 βασιλεῖς*

181 1188 412 1301 Παρεθάρσυνε
433 1193 465 1254 δὲ
488 1187 582 1256 αῦτδν
603 1166 796 1270 Ἰωσαφάτης
818 1189 985 1266 δίκαιος“
959 1219 1025 1270 ων,
1057 1191 1106 1257 καλ

109 1321 117 1330 ,
179 1280 360 1382 σε’μιραυτα
361 1281 403 1351 εἰς
417 1303 452 1342 το
445 1273 677 1362 στρατόπεδον
698 1278 859 1342 ἐκέλευσε*
867 1279 990 1394 μνιῦναι,
1014 1282 1105 1356 εἴτις

181 1364 284 1440 αὐτοῖς
306 1365 360 1428 τοῦ
381 1364 459 1430 θεοῦ
480 1363 639 1447 προφήτης
662 1363 928 1443 συνελήλυθεν,“
912 1393 964 1430 ινα
987 1364 1030 1430 δι’
1052 1365 1104 1430 αῦ-

180 1477 235 1518 τοιν
219 1447 399 1535 μάθωμεν
413 1449 500 1536 παρά
516 1478 569 1516 του
556 1451 670 1528 θεοῦ,
693 1456 724 1516 τί
736 1454 880 1529 ποιητέον
897 1445 972 1536 ήμῖν
989 1455 1102 1520 ἔστιν’

182 1541 311 1606 Οἰνιέτου
334 1542 370 1604 δε
390 1563 470 1614 τινος
492 1565 552 1607 των
582 1535 733 1620 Ιωράμου
762 1538 917 1618 φήσαντος
948 1543 1030 1606 ἰδεῖν
1052 1539 1104 1605 αῦ-

179 1623 255 1696 τόθι
278 1626 332 1690 τδν
353 1625 444 1692 Ἠλία.
452 1627 608 1742 μαθητήν
629 1625 815 1704 Ἐλισσαιοι,
831 1621 984 1734 Σαφάτου
999 1631 1103 1737 παῖδα,
1156 1625 1157 1670 1

178 1711 256 1808 πρδς
286 1711 379 1778 αῦτδν
401 1713 529 1782 οἷπλασιν
560 1719 589 1779 οἱ
619 1717 700 1798 τρεῖς
722 1718 873 1795 βασιλεῖς,
912 1713 1104 1800 Ἰωσαφάτου
1156 1783 1157 1792 ,

178 1829 431 1912 παραινεσάντος
482 1797 648 1875 Ἑλθόντες
680 1800 706 1866 δ’
736 1804 786 1868 ε’πλ
817 1801 873 1881 τήν
903 1829 1022 1882 σαηνην
1054 1801 1106 1870 τοῦ
1156 1859 1157 1878 ,

133 1947 139 1959 .
178 1889 356 2002 προφήτου,
380 1888 516 1999 666666'
538 1885 656 1964 ε’*ξω
615 1915 671 1966 της
687 1891 896 2003 παρεμβολήν
911 1917 1104 1972 κατεσκηνω·

180 2007 260 2057 νως,
279 1977 450 2085 ἐπηράτων
467 2003 501 2042 το
494 1975 660 2058 μελλον’
644 1979 695 2042 επλ
717 1979 772 2054 τῆς
792 1980 949 2062 στρατιᾶς,
973 1979 1104 2062 μάλιστα

181 2071 214 2133 δὲ
235 2063 393 2172 Ἰώραμος
441 2065 503 2130 Τοῦ
521 2067 591 2128 δὲ*
600 2091 642 2168 66
634 2061 825 2178 διενρχλεῖν
855 2065 940 2148 αῦτῳ
964 2067 1105 2172 φράσαι

180 2178 294 2232 τος,α
275 2150 349 2216 άλλά
371 2149 447 2238 πρδς
470 2149 540 2224 τοῦς
563 2153 617 2216 τοῦ
639 2141 766 2264 πατρδς
775 2150 869 2218 αὐτοῦ
891 2156 943 2226 ναὶ
968 2156 1033 2232 τῆς
1046 2183 1104 2237 μη-
1155 2171 1156 2212 ;

180 2237 252 2324 τρδς
274 2243 366 2324 βαδλζ
364 2266 408 2303 ειν
429 2237 606 2322 προφήτας,
628 2237 707 2304 εἶναι
728 2237 785 2323 μάρ
801 2241 936 2316 ἐκείνους
957 2239 1103 2349 άληθεῖς,’

180 2329 274 2436 ἔδειτο
297 2325 501 2410 προφητεύειν
524 2353 573 2390 ναι
567 2323 703 2400 σώζειν
725 2323 844 2404 αῦτοάς
888 2326 1008 2393 06'
990 2328 1104 2435 666663

179 2413 234 2480 τδν
256 2415 331 2478 θεὸν
351 2412 406 2478 οῦκ
430 2413 467 2477 άν
488 2412 699 2496 άποκριθήναι
721 2411 819 2495 αὐτοῦ,
852 2416 881 2476 εἰ
899 2413 943 2496 66
968 2414 1008 2479 δι’
1038 2415 1104 2480 'lm-

180 2499 318 2581 σάφατον
340 2501 425 2565 ὅσιον
447 2501 521 2566 ὄντα
545 2503 596 2563 καλ
620 2503 755 2576 δίκαιον,
792 2499 944 2582 οἰχθέντος
959 2499 1104 2608 ἄνθραξ-

180 2611 243 2652 που
264 2585 352 2661 τινάς
368 2585 496 2670 ψάλλειν
519 2585 651 2665 εἰδότος,
673 2613 715 2633 -b
738 2585 905 2691 ἐπεζήτησε
928 2585 989 2673 γάρ
1013 2587 1104 2663 αῦτδς

179 2705 224 2724 --
254 2673 330 2758 πρὸς
361 2672 413 2741 τάν
434 2672 589 2758 ψάλλοννα
620 2672 734 2779 ἔνθεος
752 2672 910 2758 γενόμενος
939 2675 1103 2782 προσέταξε

178 2764 243 2835 τοῖς
267 2761 442 2841 βασιλεῦσιν
481 2766 499 2797 **
509 2759 566 2824 Ἐν
596 2762 645 2844 66
662 2759 814 2868 χειμάρρῳ
837 2760 965 2835 πολλοῦς
996 2761 1104 2846 ὀρύξαι

178 2847 347 2960 βόθρους
375 2845 421 2952 06
451 2871 484 2911 τε
511 2847 569 2932 γάρ
592 2849 702 2928 νέφους
730 2849 801 2916 οὔτε
821 2847 993 2932 πνεύματος
1017 2875 1106 2955 μενο-

179 2935 302 3040 με’,νου
311 2933 378 2997 ου’τε
402 2932 491 3000 ὑετοῦ
514 2936 767 3020 καταρραγέντος,
790 2935 910 3018 ὄψεσθε
933 2935 1048 3048 πλήρη
1053 2935 1106 3002 τδε
1154 3003 1155 3008 ,

108 3047 112 3052 ·
178 3017 320 3103 ποταμιλν
340 3020 518 3099 ῦδατος,
493 3049 534 3096 ως
557 3022 594 3086 άν
617 3027 668 3088 ααλ
687 3049 739 3088 τον
755 3049 887 3108 στρατον
903 3049 954 3088 ναι
971 3051 1010 3090 τα
1026 3022 1104 3088 ὑπο·
1154 3049 1155 3088 ι

180 3106 268 3190 ζύγια
292 3109 531 3186 διασωθῆναι
512 3113 582 3191 υμῖν
612 3108 681 3175 άπδ
698 3111 752 3174 τοῦ
780 3111 886 3176 ποτοῦ.
925 3111 1041 3176 Ἔσται
1073 3111 1103 3175 66

156 3194 254 3276 ῦμῖν
275 3193 311 3260 06
332 3197 421 3262 τοῦτο
444 3194 536 3277 μόνον
556 3196 641 3286 παρά
665 3199 719 3264 τοῦ
741 3199 833 3274 θεοῦ,
855 3194 930 3261 άλλά
953 3201 1006 3262 καῖ
1029 3225 1105 3302 τερα·
1154 3229 1155 3250 1

140 3294 204 3352 477
227 3280 333 3358 τήσετε
355 3311 414 3347 των
437 3285 577 3368 ε’χθριῦν,
613 3287 667 3349 καλ
688 3289 848 3362 καλλίστοις
871 3287 923 3350 καλ
945 3281 1104 3370 ῦχυρωτά-
1154 3307 1155 3345 1

158 3393 237 3443 τας
259 3367 361 3445 πόλεις
382 3368 522 3457 λήψεσθε
545 3371 606 3438 ταῖν
624 3372 824 3459 Μωαβιτῶν,
847 3375 898 3438 ναλ
921 3375 1034 3460 δένδρα
1054 3371 1106 3458 μέν
