2312 3820
133 111 575 244 140'9910599910
606 140 714 204 L..v1
746 87 874 206 cm
850 141 982 219 x.§.1

165 293 297 380 στρατιᾷ
317 291 473 380 νικηφόρῳ
490 291 571 408 μετά
588 292 751 407 μυμβρίλων
773 296 825 360 καί
845 292 1015 378 τυμπάνων
1037 299 1086 360 καί

165 385 313 459 παντοίας
334 384 451 488 χαράς,
483 377 589 468 ᾖδον
586 387 619 445 αί
640 386 695 464 μίν
717 382 873 466 χνναῗκες,
907 409 950 460 ως
973 381 1086 458 πολλάς

164 469 301 544 Σάουλος
323 468 456 534 ἀπώλεσε
472 473 687 535 Παλαιστίνων
707 469 864 584 χιλιάδας,
905 475 938 534 αἱ
940 461 1085 576 παρθέ-

159 582 214 624 νον
236 560 284 635 δι’,
306 557 347 632 οἷς
366 554 517 661 μυριάδας
539 555 715 634 Δανίδης’
696 561 862 668 ριφανίσειε.
912 554 1085 623 Τούτωνδ

127 641 283 710 άιιούων
311 641 505 749 ὁβασιλεύς,
541 643 582 718 οἷς
613 643 648 709 τά
667 645 722 728 μίν
743 641 868 708 ἔλαττον
888 645 943 722 τῆς
964 669 1084 750 μαρτν-

111 745 121 761 “
165 736 234 816 ρίας
256 729 349 808 αὐτάς
370 727 473 812 λάβοι,
497 727 588 796 τδδί
609 733 672 797 τῶν
689 732 892 815 μνριάδωνπ
893 729 1029 808 λῆθος’
1008 759 1083 797 ανα

166 822 270 896 τεθείη
298 845 339 902 τῳ
367 821 539 902 νεανίσκῳ,
570 821 622 882 καί
631 819 843 925 λογισάμενος
870 821 966 899 μηδὲν
988 819 1084 896 οὕτως

163 903 240 990 μετά
270 901 413 990 λαμπράν
445 903 594 986 εὐφημίαν
621 930 642 982 -η
671 904 728 982 τάν
756 909 915 988 βασιλείαν
938 904 1083 1012 ύστερεῖν

121 1017 123 1033 ·
164 991 262 1076 αύτῷ,
302 992 471 1074 φοβεῖσθαι
501 995 558 1061 ιιαί
574 990 757 1058 ὑποπτεύειν
777 992 890 1077 ἤρξατο
912 989 966 1056 τύν
985 996 1082 1058 Δανί-

165 1084 232 1156 δην
277 1081 341 1142 Καί
362 1079 416 1155 τῆς
437 1080 492 1162 μίν
513 1080 637 1163 προίτης
659 1076 837 1154 τάξεως-
866 1080 932 1142 ε’πεί
956 1081 1003 1164 τῷ
1025 1081 1083 1146 δεέι

163 1167 291 1243 πλησίον
314 1163 410 1240 αὐτοῦ
432 1168 492 1230 καί
512 1167 623 1230 λίαν
607 1166 693 1272 τχχύς
715 1165 828 1241 ε’δύκει,
868 1167 993 1244 ἐποίησε
1027 1167 1082 1253 γάρ

164 1252 257 1324 αὐτὸν
279 1249 508 1359 ὁπλοπύρον-
529 1250 728 1336 μεταστήσας,
751 1251 948 1317 άποδεικνυσι
963 1257 1082 1364 χιλίαρ-

162 1365 234 1426 χον,
259 1337 329 1414 δούς
351 1339 434 1423 αὗταῖ
454 1336 557 1424 χώραν
587 1339 730 1421 άμείνονα
750 1342 823 1422 με’ν,
856 1338 1103 1446 άσφαλεστὲραν.

163 1427 245 1493 δὲ
220 1454 260 1502 ως
287 1425 420 1534 ἰχόμιζεν
449 1425 552 1536 αὐτῷ·
589 1425 728 1540 ἐβούλετο
750 1425 807 1512 γάρ
830 1431 879 1510 εἰς
895 1425 988 1536 τούς
993 1438 1082 1494 πολε-

161 1519 250 1620 μίους
270 1512 363 1580 αὐτὸν
384 1514 549 1596 εἰιπίμπειν
563 1517 619 1578 καί
635 1511 688 1589 τάς
701 1513 810 1601 μάχας,
833 1513 874 1589 οἷς
888 1517 921 1579 ἐν
937 1517 1001 1590 τοῖς
1019 1541 1082 1582 κιν-

160 1599 264 1682 δύνοις
286 1598 513 1684 τεθνηξόμενον.

251 1705 280 1757 2.
314 1689 504 1802 Δαμίδηςδὲ
531 1688 691 1796 πανταχοῦ
717 1687 770 1754 τδν
800 1685 915 1752 θεάν
898 1685 1082 1772 επαμύμενος

137 1775 238 1842 ·“ύπου
261 1802 322 1840 ποτ
351 1775 491 1857 άφίκοιτο
514 1772 693 1888 αατρίρθου,
714 1803 766 1841 ιιαι
759 1778 979 1882 διενπραχων
998 1779 1082 1860 ἐβλέ-

25 1893 26 1900 ¹
128 1947 130 1954 y
162 1887 254 1938 πετο,
296 1888 337 1936 ως
365 1861 404 1926 δι
430 1861 603 1968 ὑπερβολὴν
625 1887 679 1940 της
707 1861 849 1972 μνδρείας
879 1861 932 1928 τόν
955 1889 987 1928 τε
1009 1866 1081 1930 λαὸν

163 1949 258 2016 αύτοῦ
280 1953 331 2013 καί
353 1977 408 2056 τιμ
431 1948 571 2014 Σαούλου
592 1950 763 2056 θνχατὲρα
773 1949 981 2055 παρθεηνον
960 1977 1007 2016 ετι
1031 1947 1081 2018 ού-

163 2061 221 2102 οαν
243 2035 381 2118 λαβεῖν’
367 2035 482 2145 ε’ροιτα,
518 2040 570 2102 καί
592 2039 646 2102 τοῦ
667 2035 790 2110 πάθους
818 2036 1082 2144 ὑπερκρατοῦντος

161 2125 310 2232 χενίσθαι
326 2122 469 2208 φανεράν,
491 2149 542 2189 και
535 2128 647 2230 διμβλ
652 2125 768 2227 ηθηνμι
788 2121 866 2208 πρὸς
881 2122 935 2189 τόν
949 2127 1079 2208 πατίρα.

161 2211 200 2274 ‘0
223 2211 310 2276 δὲ
285 2238 326 2286 ως
354 2210 483 2320 άφορμιῖ
501 2209 687 2298 χρησόμενος
709 2211 763 2288 τῆς
785 2211 836 2276 ε’πι
828 2212 1031 2290 Δαυίδην
1014 2239 1081 2278 επι-

162 2299 273 2404 βρυλης
302 2298 445 2378 ἡδέ”ως
423 2323 548 2410 ηκομσε,
587 2300 638 2364 καί
662 2295 786 2404 ιδρίσειν
804 2296 976 2404 προθύμως
998 2325 1081 2384 αντῳ

134 2441 137 2445 ,
163 2383 247 2463 τήν
239 2389 407 2489 παρθένον
426 2385 504 2491 πρὸς
526 2383 596 2460 τούς
617 2381 670 2450 τόν
693 2381 791 2474 ε”ρωτα
809 2383 1004 2469 μηνύσαντας
1026 2386 1082 2452 αύ-

122 2475 216 2550 τῆς
239 2471 314 2554 ἔπη,
346 2469 545 2556 γενησόμενον
565 2469 715 2546 άπωλείας
737 2500 788 2536 και
780 2470 958 2538 κινδύνων
981 2477 1081 2540 αἴτιον

119 2571 182 2629 3:37
205 2557 299 2642 αὑτῶ
312 2561 484 2664 ληιχομὲνῳ
528 2559 696 2642 Κατεχχυῶ
712 2556 789 2642 χάρ,
812 2557 905 2636 εἶπεν,
926 2557 1062 2644 αύτῷ’
1029 2589 1081 2628 τον

161 2647 215 2724 τῆς
237 2623 391 2752 θύματρὸς
421 2670 480 2728 μου
502 2643 623 2757 γάμον,
650 2643 689 2710 άν
709 2649 866 2722 ἑξακοσίοις
894 2673 958 2730 μοι
971 2652 1081 2736 αομίση

161 2731 294 2815 κεφαλάς
317 2732 378 2796 τῶν
400 2735 559 2822 πολεμίων
603 2731 642 2796 ‘O
665 2734 697 2796 δὲ
719 2735 771 2796 καί
791 2733 895 2839 με’ρως
906 2733 986 2798 οὕτω
1004 2742 1080 2820 λαμ-

83 2845 87 2850 ’
161 2820 242 2926 πραῢ
263 2815 483 2932 πρρτεθίντος,
516 2821 568 2883 καί
593 2817 774 2901 βουλόμενος
805 2817 868 2883 ἐπ
864 2817 966 2932 ε”ρχιρ
976 2847 1081 2930 παρα-

159 2903 241 2988 βόλῳ
264 2907 314 2969 καί
336 2903 455 2989 άπίστῳ
478 2907 633 2988 λαβεινλ
600 2932 618 2970 ιι
636 2909 700 2981 εὀς,
717 2904 851 3018 ρρμάσει
871 2909 928 2986 μὲν
950 2909 1003 2972 επί
1025 2937 1081 2987 την

125 2994 131 3005 ’
160 2995 288 3077 πρᾶξιν,
309 2989 500 3101 διαφθαρν
489 3017 576 3056 σεται
608 2991 693 3058 δὲ
673 2992 734 3099 ρπὸ
760 2994 821 3059 τῶν
846 2999 1079 3069 Παλαιστίνων,

160 3081 214 3144 ναί
232 3103 315 3167 χωρτ
306 3103 365 3160 σει
387 3104 441 3164 μοι
461 3078 500 3144 τά
521 3077 587 3145 κατ’
607 3076 701 3144 αύτον
730 3077 905 3190 εύπρεπως·
939 3081 1078 3150 άπαλλα-

157 3189 308 3274 χησομαι
319 3163 377 3280 γάρ
407 3165 503 3232 αὐτοῦ
533 3165 572 3230 δι
601 3165 689 3230 άλλον
707 3164 822 3243 αὐτὸν,
853 3165 920 3232 ἄλλ’
948 3168 1018 3254 οὐχί
1041 3168 1079 3234 δι’

158 3252 290 3340 ε’μαυτού
306 3257 432 3328 κτείνας.
476 3251 646 3338 Διάπειραν
663 3250 700 3330 δη
720 3254 775 3328 τῆς
791 3280 846 3318 τον
832 3253 993 3320 Δαυίδου
1009 3260 1079 3322 δια·

158 3342 242 3412 τοίας
265 3335 375 3404 άελεύει
398 3339 469 3416 τούς
490 3343 608 3414 οἰκίσας
630 3338 813 3436 λαμβάνειν,
833 3367 898 3418 πως
904 3340 985 3428 ἔχει
1001 3341 1079 3430 πρδς
