2332 3814
134 236 451 316 FL.JOS.ANT10.
480 243 514 307 L.
527 244 553 306 1.
584 241 668 308 ειν.
685 223 778 332 ιιι,
796 248 823 323 ο.
846 255 876 311 ι.
935 247 981 323 ιι

137 409 170 463 ο
192 395 259 458 Καί
275 421 292 460 ο
281 393 424 479 ’ᾙμέν
408 397 459 460 επί
481 394 595 480 ταύτης
621 396 664 464 ὧν
681 397 736 478 τῆς
754 399 890 476 διανοίας
898 449 907 480 ,
929 401 982 468 ε’πί

57 481 89 548 τό
109 481 211 589 φρέαρ
231 487 393 569 παραγίνε
387 509 448 562 αι,
471 489 523 552 καί
543 491 716 568 παρακαλεῖ
736 487 790 561 τάς
803 491 980 574 παρθένους

56 569 147 636 ποτόν
169 567 254 654 αύτῷ
274 573 453 656 παρασχεῖν.
500 571 656 636 Τσῖνθ”
633 575 981 677 εκτρεπομενων,ιυς
911 575 981 650 “ιυ’ς
1072 645 1080 652 ,

56 657 226 770 χρῃζουσῶν
244 660 347 725 οίιιαόι
359 683 416 740 ιιομ
418 660 506 736 ίζειν,
529 657 590 724 ἀλλ’
607 649 661 724 όιῖιι
678 663 781 744 ἐκείνῳ
797 665 977 776 παρασχεῖν,
1060 703 1064 714 ·

58 748 106 808 καί
126 740 187 827 γάρ
210 740 275 810 οὐδ’
296 743 445 824 εὔληπτον
467 743 601 812 εἶναι’
566 771 601 810 το
622 744 744 833 ύδωρ,”
767 751 822 855 μίρ
845 748 917 824 ἐξ
897 773 1001 814 arm-⁴

58 833 115 896 σύν
137 833 268 906 ε’κείναις
286 855 320 895 τε
342 833 396 910 τῆς
418 830 496 919 πρός
517 859 571 939 τρν
578 829 676 908 ξένον
703 831 882 912 ἐπιπλήττει
909 839 980 940 θυρ-

56 919 171 1024 κοχλίας,
194 919 295 992 “τίνος
317 917 406 983 ἄλλον
420 945 613 999 κοινωνησειν
628 917 706 1006 πρός
722 919 908 1005 ἀνθρώπους
922 919 980 986 αύ-

56 1001 106 1080 τάς
127 1030 221 1084 ποτε,
244 1032 274 1068 αι
272 1009 373 1087 μηδέ
385 1005 505 1114 ύθμτος
526 1009 736 1114 μετέδοσαν,”
758 1012 901 1124 λε’γουσρι,
927 1011 980 1076 καί

58 1091 183 1178 παρέχει
205 1090 290 1199 αύτρῖ
310 1101 361 1174 φιλ
364 1091 509 1202 οφρόνως.
553 1091 584 1157 ‘0
608 1093 674 1158 δ”
657 1120 690 1159 εν
710 1097 810 1160 ε’λπίδι
831 1101 887 1180 μέν
918 1098 979 1162 τοῖν

59 1179 130 1243 ὅλων
150 1175 326 1264 γενόμενος,
347 1178 584 1297 βουλόμενοςδὲ
606 1178 662 1294 τὴρ
683 1180 832 1260 ἀλάθειαν
855 1185 977 1266 μαθεῖν,
1046 1219 1051 1228 =

61 1265 170 1380 ι’πῄνει
181 1291 216 1331 τε
238 1267 292 1342 τῆς
322 1266 469 1352 εὐγενείας
491 1265 585 1344 αὐτόν
606 1271 658 1332 καί
688 1270 743 1345 τῆς
762 1268 978 1378 χρηστότητος,

60 1354 103 1418 ότι
118 1355 170 1420 καί
186 1351 252 1438 μετ’
266 1356 379 1418 οἰκείου
394 1353 489 1421 πόνου
511 1357 575 1430 τοῖς
591 1355 780 1439 θεομεΗνοις
763 1359 906 1442 ιπαριιεῖν
922 1354 979 1420 οὐκ
1059 1427 1065 1442 ,

59 1437 178 1548 ἴφργεν,
202 1437 393 1550 ε’πρνθάνετό
415 1467 447 1508 τε
469 1447 559 1550 τίνωρ
582 1441 620 1506 άν
642 1445 690 1519 εἴη
710 1445 830 1526 γονέων,
853 1447 906 1510 καί
921 1467 978 1508 κα-

57 1527 240 1646 tragum„
214 1527 316 1602 αὐτοῖς
338 1529 443 1605 ὄνησιν
464 1527 609 1608 τοιαύτης
628 1529 755 1604 παιδός
794 1532 864 1594 καί
875 1535 978 1615 “rup-

57 1639 213 1698 φευσειαν,
221 1614 371 1699 ”φησι’ν,
394 1616 462 1692 “ως
483 1615 588 1690 αὐτοῖς
603 1617 669 1680 ε’στι
673 1616 909 1724 κεχαρισμένον,
933 1619 979 1692 είς

56 1701 136 1768 οἶκον
158 1701 270 1784 ἀνδρός
292 1701 429 1787 α’γαθωῖ,
467 1704 581 1777 παῖδας
604 1701 688 1786 αὐτῷ
717 1703 875 1790 τεξομένην
904 1728 979 1786 γνη-
1036 1771 1039 1778 ,

58 1789 175 1864 σίσυς”
222 1789 314 1856 Hos
339 1789 407 1856 ουέίέ
429 1787 543 1856 τούτοιν
565 1788 738 1896 ἐφθόνησεν
764 1788 849 1873 αύτῳ
868 1795 978 1871 βουλο-

56 1879 131 1961 μένῳ
146 1881 272 1962 μαθεῖν,
283 1875 356 1944 αλλα
366 1881 418 1942 και
433 1904 468 1943 το
476 1901 559 1986 γενος
574 1875 770 1960 σῖπεσημαινε.
793 1877 859 1940 Καὶ
878 1882 896 1914 “
903 1874 978 1940 Pt-

56 1967 147 2050 βέκιια
160 1963 271 2070 μίν,”
267 1969 404 2076 φησίν,
430 1962 521 2080 “ε’χω’
542 1965 709 2046 καλοῦμαι·
738 1987 841 2072 πατηρ
865 1961 1033 2046 δ’έμοίςσ

56 2047 282 2160 Βαθούηλρς’
261 2077 315 2130 ην,
338 2049 440 2116 σῖλλΗ
422 2077 439 2116 ο
462 2053 518 2134 μέν
539 2050 598 2128 ηδη
613 2051 759 2128 τέθνηκε,
779 2050 926 2159 Λάβανος
943 2052 976 2116 δὲ

56 2136 220 2248 όιίελφός’
204 2163 287 2204 εστιν
309 2138 468 2248 ημέτερος,
490 2139 545 2202 τοῦ
566 2163 599 2202 τε
621 2140 705 2202 οίκού
727 2134 843 2212 παντός
861 2135 917 2202 σύν
938 2135 978 2225 τῇ

55 2227 164 2332 μητέρι
185 2225 431 2334 προνοούμενος,
445 2229 496 2289 καί
514 2224 568 2302 τῆς
591 2223 665 2307 έμῆθ
681 2227 854 2308 παρθενίας
870 2226 978 2307 ἐπιμε-

56 2311 187 2396 λόμενος.
196 2321 219 2350 ”
266 2311 390 2378 Τούτων
412 2309 654 2418 ἀκροασόμενος,
663 2309 783 2417 ἔχαιρέ
795 2335 827 2375 τε
849 2313 913 2384 τοῖς
926 2333 978 2414 γι-

55 2398 162 2483 γονόσι
181 2402 234 2465 καί
254 2401 317 2474 τοῖς
338 2400 523 2504 εἰρημένοις,
546 2395 599 2463 τόν
614 2393 691 2462 θεόν
712 2398 808 2470 οὕτως
821 2393 902 2482 όροῖν
920 2393 976 2462 αὗ-

55 2511 95 2572 τομ
118 2511 177 2563 της
198 2491 271 2552 σόον
287 2487 393 2566 σαφῶς
409 2511 447 2552 συ
449 2481 705 2568 λλαμβανόμενον.
744 2485 811 2548 Καί
829 2484 979 2596 πρριιομί

56 2599 110 2649 σας
129 2573 280 2684 όρμίσνρν
296 2597 328 2638 τε
345 2577 397 2639 καί
413 2596 498 2647 τινας
519 2570 667 2654 κόσμους,
689 2569 741 2645 οὓς
757 2569 905 2658 εὐπρεπές
920 2595 980 2684 ρο·

56 2664 117 2744 ρεῖν
138 2661 328 2767 παρθένοις,
351 2659 549 2726 άνεθίιίου
510 2687 547 2748 τη
568 2656 662 2746 κόρη,
685 2659 739 2734 τῆς
761 2659 812 2721 ε’πί
833 2685 877 2744 τῳ
898 2661 980 2722 πίειν
1061 2689 1069 2726 ι

56 2747 180 2871 χάριτος
202 2745 335 2832 άμοιβην
354 2745 434 2812 είναι
455 2748 506 2811 καί
527 2747 645 2852 γέρας,
657 2751 675 2782 “
683 2747 800 2810 δίκαιον
806 2751 846 2824 ,”
876 2746 978 2852 λε’γωρ,

57 2833 229 2902 “τοισύτων
246 2831 340 2912 αὐτόν
354 2831 520 2944 τυγχάνειν,
539 2828 663 2916 α’γαθην
683 2830 779 2935 παρά
789 2828 844 2908 τάς
865 2855 978 2896 τοσαυε

55 2947 109 2997 τας
130 2924 312 3008 παρθένους
332 2922 501 3030 γενομένηρ.
531 2918 635 2994 Ἠξίου
651 2943 683 2983 τε
705 2915 779 3003 παρ’
800 2917 903 2992 αὐτοῖς
921 2941 978 3024 κιρ
1052 2996 1057 3000 .

56 3009 231 3114 ταχθῆναι,
269 3009 324 3072 τοῦ
344 3007 528 3115 προσωτέρω
549 3007 657 3092 χωρεῖν
676 3005 731 3081 τῆς
756 3001 874 3077 νυκτός
885 2997 979 3068 αὐτόν

55 3093 307 3202 ἆφαιρφυμένης.
335 3093 462 3199 Κόσμον
482 3117 515 3158 τε
531 3094 631 3178 φέρων
647 3093 816 3174 γυναικεῖον
830 3087 979 3167 πολυτελῆ
1003 3145 1006 3156 ,

8 3243 10 3264 ,
53 3180 211 3247 πιστεύειν
232 3177 325 3246 αὐτόν
346 3180 400 3246 οὐκ
422 3175 702 3287 άφφαλεστερσις’
680 3201 810 3260 εφασιιεν
832 3173 853 3252 ἦ
875 3173 976 3241 τοιού-

8 3291 10 3296 ’
53 3293 135 3349 τοις,
160 3271 206 3344 οἷς
216 3266 323 3384 αύτιχς
344 3265 506 3372 ἐπειράθη.
552 3268 783 3348 Τενγᾘαιρεσθαι
799 3263 831 3328 δέ
852 3267 905 3330 καί
921 3259 978 3342 τιΞτ
1017 3263 1020 3288 ¹

52 3357 105 3434 τῆς
120 3351 242 3463 μητρός
254 3360 307 3422 καί
327 3349 521 3435 τοόάθελφοῦ
537 3353 780 3461 φιλανθρωπίαν
790 3346 891 3430 αύτης,
914 3347 976 3413 ἔλε-

50 3465 119 3523 γεν,
146 3442 188 3518 οῖς
204 3468 241 3508 ου
233 3441 548 3528 ’θυςχεραίνονσιν,’
531 3465 564 3504 εκ
580 3438 634 3514 τῆς
653 3438 725 3520 περὶ
741 3433 835 3513 αὐτην
851 3433 976 3520 άριτης
