2312 3820
172 169 216 244 54
244 163 299 226 ΕΙ..
312 107 394 228 106.
406 157 558 236 AN'IIQ
577 157 667 225 LVI.
687 157 882 235 cx..11§·5
893 157 978 222 XIII
992 161 1098 236 §...12

174 314 314 384 Σαούλου
336 316 547 400 φονευθέντων
567 314 690 400 λερευν,
719 312 824 395 φυγολν
844 307 927 396 πρός
951 312 1102 390 Δαυίδην,

175 401 230 482 την
253 404 314 469 τῶν
344 408 471 470 οἰκείων
495 401 589 468 αὐτοῦ
621 399 807 505 συμφορὰν
804 398 937 472 ἐδήλωσε
969 400 1027 462 καί
1051 395 1102 476 τόν

174 490 231 558 τοῦ
247 488 364 596 πατρός
385 490 550 598 ἀναίρεσιν.
592 487 632 553 0
654 489 686 552 δί
709 485 764 553 σόν
787 483 907 568 ἀγνοεῖν
930 481 1102 566 ἔφηταῦτα

175 580 247 685 περί
270 575 381 655 αότοός
403 577 584 663 ἐσόμενα,
579 572 654 640 ι’δολν
676 572 730 642 τόν
750 569 897 679 Δώηκον,
927 570 1103 649 όπονοῆσαι

96 717 100 730 .
177 662 236 749 γόρ
261 661 543 778 διαβληθήσεσθαι
548 661 628 746 πρόςΙ
647 659 741 727 αὐτοῦ
758 656 811 724 τόν
819 658 973 772 ἀρχιερέα
987 685 1034 742 τοι
1020 660 1103 763 βα-

71 800 86 813 .
178 753 270 830 σιλεῒ,
302 754 354 840 καί
376 751 431 828 τῆς
453 751 579 834 ἀτυχίας
606 747 721 826 ταότης
744 745 847 821 αὐτοῖς
868 744 964 811 αὐτόν
986 743 1102 851 νῖτιᾶτρ.

183 836 226 902 Τό
248 837 349 920 με’νειν
352 833 399 901 δ’
423 835 538 902 αότόδι
562 840 613 904 και
643 833 700 900 σόν
721 833 805 942 ρότρί
838 835 1028 937 διατρίβειν,
1064 830 1102 906 οἷς

180 923 235 990 οὐκ
257 927 288 988 ἐν
310 924 388 1006 ἄλλῳ
411 921 493 1004 τόπον
516 919 679 1006 λησόμενον
701 921 812 998 οὕτως,
834 917 928 997 ἠξίου.
1009 961 1014 968 -

184 1015 284 1101 CAP
292 1037 386 1098 XIII.
412 1054 440 1100 1
462 1017 612 1105 Kame?
598 1045 732 1104 τουτον
744 1039 797 1104 τόν
815 1063 922 1117 ναιρον
934 1035 1102 1114 ακονσαςό

181 1126 318 1202 Δαυίδης
333 1128 404 1200 τούς
410 1129 643 1238 Παλαιρτίνους
659 1123 883 1208 ἐμβεβληκότας
901 1128 946 1200 είς
959 1122 1102 1204 z6vKtI-

181 1211 279 1275 λανῶν
292 1210 396 1317 χώραν
414 1215 466 1277 και
476 1211 590 1290 ταότην
605 1211 837 1323 διαρπάζοντας,
851 1215 1010 1278 δίδωσιν
992 1210 1100 1322 εαντόγ

183 1297 358 1406 στρατεύειν
380 1298 428 1363 ἐπ’
449 1297 576 1378 αότοός,
610 1325 637 1366 ει
660 1298 678 1364 6
698 1297 773 1374 θεός
794 1297 881 1380 παριί
902 1299 958 1364 τοῦ
979 1298 1104 1414 προφη-

182 1409 237 1450 του
241 1379 444 1492 πυθόμενος
463 1387 620 1475 ἐπιτρέπει
648 1414 667 1452 ν
668 1389 745 1492 ίκηγ.
794 1385 858 1450 Τοῦ
880 1387 912 1450 δὲ
943 1391 1103 1470 σημαίνειν

181 1468 353 1554 φήσαντος,
390 1468 561 1587 ἐξώρμησεν
590 1475 641 1538 ἐπί
670 1471 752 1578 τινός
765 1475 996 1548 Παλαιστίνους
1026 1471 1103 1558 μετιί

124 1634 130 1641 .
181 1559 242 1622 τῶν
263 1561 407 1645 εταίρων,
427 1563 480 1625 καί
500 1557 593 1644 φόνον
614 1585 647 1625 τε
668 1558 770 1625 αὐτῶν
790 1557 886 1625 πολιόν
908 1560 1022 1646 ἐξεγεε,
1053 1562 1104 1626 καλ

181 1647 265 1709 λείαν
285 1646 394 1727 ἤλασε,
426 1653 478 1715 καί
496 1651 691 1757 παραμείνας
713 1647 777 1723 τοῖς
801 1647 1004 1724 Κιλλανοῒς”
985 1655 1045 1726 εως
1066 1645 1102 1713 οὗ

161 1731 237 1810 ,τός
258 1733 374 1808 ἅλωνας
396 1739 448 1800 καί
469 1732 522 1800 τόν
542 1733 660 1820 καρπόν
673 1736 806 1800 συνεῖλον
824 1733 929 1809 οίδεῶς.
950 1733 1103 1846 Σαοόληι

183 1823 281 1906 δίτηῖ
302 1825 423 1940 βασιλεῖ
441 1820 604 1908 μηνόεται,
626 1847 690 1908 παρ
716 1820 821 1898 αότοῒς
842 1819 901 1888 τόν·
923 1812 959 1886 τό
972 1821 1033 1934 γόρ
1052 1821 1103 1909 ἐρ-

183 1935 237 2015 γογ
259 1915 311 1975 καί
333 1909 372 1974 τό
390 1909 578 1997 κατόρθωμα
610 1911 664 1976 οὐκ
687 1909 784 1994 ε”μεινε
811 1934 876 2022 παρ
906 1911 954 1984 οίς
976 1912 1102 1994 ἐγενετο,

186 1993 272 2078 φήμη
296 1994 358 2061 δ”
342 2000 408 2062 επί
423 2001 486 2062 πᾶν.
514 2002 558 2072 εἰς
579 2021 621 2062 τε
642 1995 695 2072 τός
716 1997 777 2063 τῶν
806 1995 953 2063 όίλλανν’
932 1996 1029 2073 ακοοίς
1052 2001 1103 2063 καί

183 2081 262 2166 πρός
291 2081 361 2158 τός
368 2085 423 2189 106
451 2088 599 2168 βασιλέως
622 2089 824 2172 διεκομίσθη,
860 2080 936 2148 αότό
958 2109 992 2148 τε
1015 2110 1103 2152 συνι·

184 2167 296 2280 στόνρν
310 2173 362 2234 καί
378 2170 431 2238 τόν
446 2170 645 2250 πεποιηκότα.
680 2175 796 2256 Χαίρει
812 2174 845 2235 δί
859 2167 1033 2246 Σόουλος’
1011 2173 1102 2238 ακοό-

114 2295 117 2300 ,
184 2281 241 2331 σας
256 2259 288 2323 ἐν
305 2261 402 2342 Κίλλα
423 2257 475 2325 τόν
491 2263 644 2338 Δαυίδην,
668 2262 720 2326 καί
742 2255 833 2333 *θεός
854 2257 915 2336 ἤδη
930 2261 1021 2366 χερσί
1037 2262 1102 2334 ταῖς

183 2345 269 2425 ἐμαῖς
293 2323 428 2411 όπέθέτο
451 2345 542 2412 αότόν
564 2343 674 2426 είιτιόν,
709 2348 776 2411 ἐπεί
798 2350 851 2410 καί
873 2344 1100 2456 συνηνάγκασεν

182 2429 284 2499 ίλθειν
306 2437 351 2506 εἰς
372 2431 476 2510 πόλιν,
501 2437 583 2518 τείχη
606 2437 657 2498 καί
678 2423 776 2511 πόλας
798 2459 849 2497 και
841 2430 1034 2516 μοχλοός”
1011 2459 1100 2519 εχου-

182 2527 276 2594 σαν,
297 2520 340 2603 τῷ
361 2521 425 2602 λαιό
445 2524 537 2584 παντί
560 2523 739 2604 προςίταξεν
768 2521 875 2584 ἐπὶ
840 2545 901 2597 την
918 2523 975 2586 Κίλ
961 2528 1035 2586 λλαν
1056 2523 1102 2598 ἐξ·

181 2605 332 2686 ορμῆσαι,
364 2608 416 2668 καί
435 2605 671 2690 πολιορκήσαντι
693 2611 745 2674 καί
767 2605 863 2672 ελόντι
888 2604 942 2671 τόν
963 2611 1101 2687 Δαυιδην

132 2702 203 2761 347
225 2688 410 2797 ἀποκτεῒγαι.
439 2695 542 2759 Ταῦτα
558 2691 776 2802 δἀἰσδόμενος
789 2693 957 2772 όΛαυίδης,
975 2697 1029 2761 καί
1020 2722 1100 2808 ’μα-

180 2771 250 2840 θοόν
259 2774 356 2876 πυροί
385 2779 439 2843 τοῦ
459 2781 552 2856 θεοῦ,
590 2781 638 2846 ότι
669 2785 816 2864 μείναντα
845 2779 920 2862 παρ’
942 2780 1050 2896 αὐτοῖς
1072 2788 1101 2850 οἱ

180 2861 323 2928 Κιλλῖται
338 2862 506 2932 ἐκδώσουσι
526 2891 566 2952 τρι
554 2863 685 2933 ’Σαούλ
671 2876 729 2952 λῳ,
752 2863 946 2976 παραλαβων
961 2871 1035 2944 τους
1051 2893 1101 2934 τε·

179 2950 420 3058 τρακοσίους,’
400 2955 516 3041 απῇρεν
538 2954 599 3020 ἇπό
622 2956 676 3034 τῆς
696 2917 812 3029 πόλεως
840 2959 885 3030 είς
906 2951 965 3032 τήν
987 2955 1101 3041 ἔρημον

177 3033 341 3102 ἐπαίνοι”
301 3064 356 3117 της
375 3024 530 3124 Ἐνγεδαίν
552 3043 719 3153 λεγομινης.
760 3046 828 3108 Καί
848 3041 939 3124 όμέν
957 3042 1100 3124 βασιλεῦς

177 3121 310 3200 ιῖκοόσας
332 3125 425 3193 αὐτόν
446 3128 617 3236 περεσγότα
632 3128 719 3216 παρό
733 3131 794 3196 τόν
807 3130 977 3209 Κιλλιτῶν,
1002 3130 1100 3197 ἐπαεί-

177 3233 253 3276 σατο
275 3214 329 3290 τῆς
351 3215 398 3279 ἐπ
419 3214 512 3281 αὐτόν
524 3223 704 3328 στρατείας.
814 3296 821 3302 ι
920 3233 924 3242 ’

263 3313 291 3365 2
313 3303 449 3380 Δαυίδης
467 3293 499 3367 δί
517 3305 668 3370 ε’κείδεν”
647 3332 725 3393 αρας
747 3309 793 3382 εἴς
813 3327 885 3371 ’τινα
900 3300 998 3371 τόπον
1014 3311 1099 3372 Και-

171 3405 227 3457 νην
236 3389 433 3490 καλουμένην
455 3391 511 3470 τίμ
497 3387 660 3474 ,Ζιρηνης
674 3397 891 3482 παραγίνεται.
913 3395 959 3471 είς
974 3391 1027 3460 όν
1025 3393 1098 3459 Ἰσι-
