2332 3814
74 191 77 204 '
134 205 137 210 ⁴
196 219 240 286 96
285 204 340 270 ει.
364 171 606 310 τοσούτω.
641 201 672 263 ι.
698 203 735 268 11.
760 203 845 282 ονε.
869 163 919 270 οξ.
943 209 972 284 §·
993 171 1069 305 ις,

90 379 94 396 ’
202 357 278 430 δ’
258 389 296 441 ην
326 359 454 438 ἄδηλον,
488 355 768 426 ἐναποκινδυνεύειν
798 357 835 464 οῦ
855 359 900 443 τῷ
921 361 1011 466 πριδί
1032 357 1125 469 μύνρν

120 485 123 494 -
203 453 370 560 κρυφαίως
390 447 639 560 τρεφομένῳ,α
620 444 694 512 άλλά
716 450 767 512 καί
790 445 887 554 αὑτηί·
918 444 972 512 τδν
995 450 1027 552 δὲ
1049 445 1126 512 θεδν

203 539 304 622 ηγεῒτο
325 535 429 600 πάσαν
456 535 629 642 ε’κπορίσενν
652 532 830 616 άσφάλειαν,
854 533 931 619 ῦπίρ
955 557 1010 600 του
996 535 1125 618 μηδέν

205 629 317 711 ψευδές
338 624 484 728 γε’νεσθαι
494 622 557 686 τῶν
572 621 747 726 εἰρημενων.
773 621 878 686 Ταῦτα
894 624 1050 706 κρίναντες
1065 648 1128 704 μη-

206 714 359 799 χανῶνται
381 707 501 820 γτλέγμα
523 733 555 772 τι
561 706 721 816 βύβλινον
743 707 869 816 ἐμφερές
897 708 935 795 τῇ
956 708 1132 817 καταρκευῇ

207 803 325 875 κοιτίδι,
347 797 478 909 μέγεθος
493 792 577 878 αὐτῷ
593 791 775 873 ποιήσαντες
793 820 942 879 αυταρκες
952 819 995 870 εις
1012 792 1048 861 τά
1064 820 1123 888 μετ

98 963 100 968 ¹
207 886 395 989 εὐρυχωρίας
411 857 632 988 εναποκεΐύθρι
648 880 682 948 τδ
700 884 822 967 βρέφος.
849 882 985 947 Ἔπειτα
1000 887 1132 990 χρίσαν-

182 1029 185 1040 .
207 999 257 1047 τες
278 968 491 1078 άσράλτιρμ-
513 972 556 1052 τῷ
576 966 633 1053 γάρ
657 969 747 1034 ῦδατι
767 968 823 1046 την
845 967 962 1034 666⁸
918 996 979 1034 των
995 967 1132 1054 πλεγμά

207 1086 268 1124 των
276 1056 495 1168 άποφράττειν
509 1055 667 1130 είςοδον“
647 1083 667 1133 η
689 1055 843 1164 ἄσφαλτος
858 1058 1062 1138 πε’φυκεν,-
1083 1058 1133 1122 έν*

207 1146 333 1211 τιθεάσι
355 1169 389 1208 το
381 1143 553 1220 παιδίον,
576 1145 628 1207 καί
649 1139 727 1208 κατά
749 1143 804 1208 τοῦ
824 1142 965 1225 ποταμοῦ
986 1140 1134 1256 βαλόντες

208 1235 315 1298 εἴασαν
337 1231 388 1294 ε’πί
408 1257 451 1313 τῳ
437 1228 535 1313 θεῷ
550 1225 606 1338 166
616 1232 780 1336 σωτηρίαν
797 1229 900 1296 αὐτοῦ.
945 1233 1010 1294 Καί
1027 1228 1061 1295 τδ
1077 1232 1134 1314 μεν

207 1319 225 1390 6
246 1315 385 1400 ποταμδς
405 1313 633 1402 παραλαβων”
610 1341 708 1425 ερερε.
732 1314 948 1424 Μαριάμμη
934 1319 967 1382 δὲ
983 1315 1045 1383 τοῦ
1055 1344 1134 1382 παι-

208 1403 260 1482 δάς
282 1401 396 1487 άδελραί
419 1403 651 1470 κελευσθεῒοα“
633 1401 694 1469 οπο
708 1404 763 1482 τῆς
780 1402 896 1510 μητράς
909 1387 1133 1514 άντιπαρεξῄει,

207 1492 298 1560 ῦποι
294 1489 470 1600 φερόμενρν
491 1488 624 1598 χρρὴσει
647 1490 788 1597 ὀψομένη
806 1489 841 1556 τά
862 1491 989 1574 πλέγμα.
1022 1490 1134 1597 Ερθα

206 1607 258 1648 και
249 1577 449 1686 διέδειξενδ
468 1575 545 1653 θείς
561 1580 656 1662 μηδὲν
677 1575 788 1662 μέν
750 1606 806 1656 την
827 1576 1027 1685 ἀνθρωπείαν
1044 1575 1133 1644 σύνε-

207 1691 274 1746 σιν,
298 1664 443 1732 πάνδ”
425 1691 458 1744 ο,
480 1691 512 1731 τι
528 1670 581 1732 καί
600 1669 768 1772 βουληθείη
784 1662 931 1752 πράττειν
953 1663 1135 1772 αῦτρτελοῦς

206 1753 331 1859 άγαθοῦ
352 1750 520 1836 τυγχάνον
546 1778 597 1818 και
589 1750 876 1868 διαμαρτάνοντας
889 1753 945 1834 μίν
966 1749 1038 1826 τούς
1053 1751 1147 1864 ὑπὲρ

205 1845 289 1914 ἰδίας
311 1838 478 1922 άσφαλείας
506 1839 603 1906 άλλων
633 1843 871 1926 κατακρίνοντας
883 1838 1047 1943 ὄλεθρον,
1081 1841 1147 1904 καί

158 1961 160 1968 ,
205 1927 309 2036 πολλῇ
323 1930 395 2011 περί
417 1923 526 1991 τούτου
547 1929 756 2036 χρησαμένους
777 1925 925 2037 σπουδῇ,
946 1923 1136 2012 σωζομένους

207 2013 271 2078 δ”
256 2039 289 2078 εκ
311 2010 484 2124 παραδόξου
506 2017 557 2079 καί
578 2012 727 2098 σχεδδν’
710 2039 744 2080 εκ
764 2015 859 2097 μέσου
880 2040 942 2078 των
962 2014 1067 2117 κακοῦν
1082 2013 1146 2089 εῦ-

206 2101 404 2207 ρισκομένρυς
421 2098 478 2179 την
493 2099 672 2208 εὐπραγίαν
684 2099 754 2176 τούς
776 2097 1062 2175 κινδυνεύοντας
1023 2127 1060 2191 τη
1078 2101 1137 2165 τοῦ

116 2215 118 2224 ’
204 2187 284 2254 θεοῦ
306 2184 418 2293 γνιύμη.
465 2188 617 2258 Τοιοῦτον
633 2185 692 2275 γάρ
715 2213 763 2267 τι,
793 2190 846 2252 καί
849 2189 954 2296 περί
960 2185 1015 2253 τάν
1035 2171 1145 2287 παῖδα

205 2276 314 2342 τοῦτον
338 2272 515 2359 γενόμενον,
535 2276 690 2387 ἐμφανίζει
711 2272 767 2352 τήν
788 2272 877 2358 ἰσχύν
899 2274 954 2339 τοῦ
976 2274 1068 2342 θεοῦ.

294 2375 322 2432 5.
351 2357 568 2469 Θέρμουθις
546 2389 585 2440 ην
595 2362 749 2468 θυγάτηρ
767 2363 823 2427 τοῦ
843 2360 1003 2444 βασιλέως.
1041 2359 1144 2438 Λῦτη

208 2451 359 2525 παίζουσα
374 2446 467 2555 παρά
487 2445 542 2522 τάς
562 2446 667 2526 ἠϊόνας
690 2450 749 2514 τοῦ
772 2449 929 2556 ποταμοῦ,
962 2451 1016 2522 καί
1038 2443 1144 2532 φερύ

166 2551 229 2604 ¹00
251 2559 342 2618 μενον
364 2533 425 2599 δπδ
443 2534 499 2643 τοῦ
519 2533 666 2641 ῥεύματος
679 2537 857 2620 θεασαμένη
877 2562 912 2602 το
904 2532 1056 2620 πλέγμα,
1080 2559 1143 2639 κρ-

207 2619 400 2702 λυμβητάς’
385 2622 558 2705 επιπέμπει,
583 2620 747 2688 κελεύσασα
768 2621 825 2701 τήν
839 2625 958 2689 κοιτίδα
978 2621 1060 2709 πρδς
1076 2620 1143 2686 αὖ·

143 2781 146 2789 ,
207 2735 244 2784 v
248 2735 263 2768 ν
275 2709 440 2816 ε’κκομίσαρ.
472 2705 737 2794 Παραγενομενων
754 2710 845 2774 δέ
801 2737 863 2775 των
876 2711 928 2774 ε’πί
944 2711 1036 2777 τοῦτο
1055 2735 1138 2774 στα-

206 2796 333 2900 λένγων,
355 2793 432 2884 μετά
454 2795 508 2872 τῆς
531 2799 663 2871 κοιτίδος
685 2796 794 2864 ἰδοῦσα
809 2821 844 2862 το
836 2794 1010 2876 παιδίον,
1033 2795 1142 2883 άπερ-

204 2879 345 2988 ηγάπησε
369 2883 518 2998 μεγέθορς
549 2881 635 2948 ενεκοί
662 2907 695 2946 τε
724 2888 777 2949 καί
805 2882 938 2959 κάλλους.
985 2881 1141 2992 Ίρσαῦιῃ

148 3007 151 3016 1
204 2967 264 3074 γάρ
289 2967 307 3032 6
328 2965 403 3042 θεάς
424 2993 494 3076 περι
487 2962 690 3048 Μωυσῆν
674 2994 823 3081 εγρησατρ
844 2969 1030 3059 σπουδῇ,
1003 2997 1047 3045 ως
1068 2967 1141 3040 6116

204 3052 331 3120 πάντων
341 3081 402 3120 των
410 3083 447 3122 τα
455 3081 567 3141 εσχατα
577 3058 878 3168 κατατγηφιοαμένων
894 3041 1000 3122 διά
960 3084 1018 3134 την
1034 3051 1141 3165 αῦτσῐί

204 3144 335 3226 γένεσιν,
358 3148 411 3209 καί
434 3144 494 3208 τοῖν
515 3143 612 3210 ἄλλων
631 3145 692 3209 τῶν
713 3146 746 3211 έκ
768 3145 823 3210 τοῦ
842 3143 1001 3248 Εβραίων
1026 3145 1140 3227 γένους

205 3227 397 3310 άποίλειαν,
394 3231 542 3308 ποιῆσαι
551 3232 666 3337 τροφῆς
682 3233 734 3296 καί
754 3233 924 3316 ἐπιμελείας
944 3229 1140 3340 άξιωθῆεγαιί

203 3315 328 3379 Κελεύει
348 3342 381 3381 τε
410 3316 534 3401 γύναιον
562 3317 584 3394 6
593 3318 783 3428 Θέρμουθις
811 3317 965 3423 άχθῆγαι,
996 3317 1106 3424 παρ’

19 3415 23 3424 ’
101 3414 112 3466 ,’
203 3398 310 3480 θηλην
315 3428 357 3488 τω
344 3403 500 3538 παιδίῳ.
542 3401 602 3542 Μαί
617 3404 800 3492 προςεμένου
816 3408 849 3471 δὲ
867 3404 962 3472 αὐτοῦ
982 3401 1041 3484 την
1118 3431 1139 3486 μ
