2324 3826
76 199 233 267 fumos
246 193 386 274 εατια.
404 180 450 262 ὀ.
461 199 551 266 vm.
574 197 665 265 σεε.
676 201 737 266 111
752 205 895 316 §.e—s
940 211 1004 282 ms

77 355 221 430 τούτους
230 353 347 420 ε’πλ”
302 381 364 420 ταν
380 352 452 419 δίκα
473 351 594 446 βάσεων
614 353 676 422 τῦν
697 355 871 434 κληθελσῦν
886 365 1003 464 Μεχεν-
1066 363 1070 370 “

76 443 161 510 ναίδ.
207 445 309 509 mm
331 444 363 506 δὲ
384 443 569 552 λουτῆρας”
554 467 676 521 ιστησιν
707 445 739 519 ἐξ
761 442 924 552 άριστεροῦ
946 447 1001 530 με’-

69 555 156 639 ,ραυς
176 529 234 595 τοῦ
254 529 411 605 ναοῦ,--
433 530 600 640 ι’τὲτραπτο
623 533 656 596 δὲ
678 531 768 598 τοῦτο
791 530 869 596 κατά
865 535 1002 643 βαρεάν

77 640 211 700 ανεμον,
231 651 277 666 ·-
297 619 350 682 καί
371 614 534 694 τοσούτους
556 619 589 682 ἐκ
611 642 666 684 του
652 615 786 694 δεξιοῦ
808 618 892 700 πρὸς
912 618 1001 686 νότον

76 703 285 812 ἅτχορῦντας
283 705 329 778 είς
351 729 407 781 την
423 700 583 783 άνατολὴν.
626 702 718 768 Κατά
741 701 856 770 δἀῦτῦ
878 709 930 770 καί
945 703 1001 784 τάν

74 789 244 857 θάλασσαν
264 788 368 868 ἔθηκε.
412 787 588 895 Πληρύσας
605 793 681 856 δὲ
663 791 773 865 ῦδατος
795 789 906 872 αύτούς
924 817 958 858 τε
970 802 1043 861 426

74 879 132 945 καί
154 903 211 955 την
231 873 412 955 θάλασσαν,
446 903 503 957 την
522 880 580 983 μίν
598 873 760 942 θάλασσαν
782 876 986 956 άπελίενξεν
956 903 1001 954 εις

75 966 116 1031 τδ
139 968 259 1029 νίπτειν
280 961 351 1038 τοῦς
370 967 415 1038 είς
436 989 491 1029 τον
510 989 586 1030 ναον
600 962 748 1040 εἰςιάντας
763 966 853 1050 ἱερεῖς
873 967 906 1030 ἒν
922 963 1002 1054 αὐτῇ

75 1051 136 1128 τάς
152 1053 256 1157 χεῖρας
278 1054 330 1116 καί
351 1049 422 1126 τοῦς
443 1049 555 1130 πόδας,
577 1052 737 1160 μελλοντας
753 1051 963 1136 άναβαίνειν’
948 1057 1000 1119 επί

74 1137 132 1206 τάν
152 1135 272 1244 βαιμαν,
293 1134 365 1216 τούς
381 1141 413 1204 δὲ
429 1141 583 1247 λουτῆρας
599 1141 643 1212 εἰς
659 1134 695 1203 τά
714 1143 878 1245 καθαίρειν
893 1138 931 1205 τά
949 1141 999 1208 ἓν·

74 1224 131 1302 τάς
152 1225 216 1303 τοῦν
229 1222 493 1308 ὁλοκαυτουμένων
506 1221 598 1302 ζώων,
620 1225 672 1289 καί
685 1223 754 1299 τούς
772 1201 871 1302 πόδας
888 1225 999 1294 αῦτιῦν.

166 1327 198 1380 7.
226 1310 441 1377 Κατεσκεύασε
473 1315 508 1378 δδ
534 1315 587 1376 καί
614 1309 840 1418 θυσιαστήριον
858 1310 999 1424 χάλκεον

73 1399 210 1504 πηχῦν
216 1401 314 1464 εἴκοσι
344 1396 380 1466 τά
409 1399 543 1506 μηκας,
568 1400 621 1464 καί
649 1396 803 1464 τοσούτων
832 1396 868 1463 τῦ
901 1395 997 1483 εὖρος,

60 1487 113 1552 ’τά
136 1483 210 1552 δι’
190 1507 271 1568 οψος
293 1485 381 1563 δέκα,
404 1484 482 1568 πράς
504 1482 560 1560 τάς
577 1483 807 1560 ὁλοκαυτώσεις
850 1484 999 1564 Ἐποίησε

69 1575 112 1640 δὲ
136 1571 232 1639 αὑτοῦ
259 1575 312 1638 καί
340 1571 379 1637 τά
400 1571 494 1651 σκεύη
524 1570 627 1637 πάντα
655 1570 784 1681 χάλκεα,
809 1574 999 1679 ποδιστῆρας

73 1665 130 1726 καί
160 1658 384 1742 άναληπτῆηρας
430 1657 477 1726 Ού
510 1657 571 1744 μάν
593 1659 668 1726 άλλά
697 1685 775 1741 προς
795 1657 916 1736 τούτοις
946 1665 1000 1725 καλ

68 1749 205 1832 λοιβίδας
225 1771 276 1811 και
268 1728 446 1853 α”ρπαῦας
460 1745 510 1811 καλ
537 1745 602 1810 πῦν
630 1748 736 1822 σκεῦος
762 1746 998 1862 ἐδημιούργησεν

72 1861 111 1902 εκ
131 1833 259 1920 χαλκοῦν,
291 1859 347 1911 την
369 1831 465 1918 αῦχην
487 1832 592 1916 ὁαοίου
614 1836 720 1940 χρυσαῖ
743 1836 795 1900 καί
822 1858 857 1898 το
882 1834 996 1910 κάλλος.

76 1921 247 2036 Τραπεζοιν
264 1944 297 1986 τε
318 1923 440 2000 πλῆθος
462 1919 650 1998 άνέθηκεν’
633 1948 649 1986 α
671 1922 828 2002 βασιλεῦς,
852 1924 904 1986 καί
923 1925 998 2005 μιαν
1018 1979 1022 1986 .

63 2011 144 2094 ’μεν
155 2006 285 2093 μεγάλην
306 2009 452 2122 χρυσέαν,
483 2007 529 2087 ἐφ’
550 2006 588 2086 ἧς
610 2009 756 2073 ἐτίθεσαν
784 2004 856 2082 τοῦς
885 2008 997 2093 ἄρτους

73 2096 133 2163 τοῦ
153 2095 247 2172 θεοῦ,
277 2098 329 2162 καί
349 2094 445 2182 ταύτη
467 2097 683 2180 παραπλησίας
701 2098 818 2208 μυρίας
833 2094 912 2180 πράς
939 2095 997 2166 αὖ»
1154 2165 1155 2170 ,

72 2209 147 2262 ταις
166 2207 265 2292 ετερῳ
289 2179 393 2267 τρόπῳ
421 2181 638 2266 χεχενημίιας,
668 2180 715 2288 ἐρ’
737 2181 779 2245 ὧν
801 2182 935 2247 ἔπε’κειτο
958 2181 996 2250 τά
1103 2209 1107 2214 ·
1154 2199 1155 2252 λ

71 2267 188 2348 σκεύη,
210 2266 318 2350 φιάλαι
338 2293 371 2334 τε
392 2294 442 2334 και
436 2270 614 2344 σπονδεῖα,
637 2292 823 2351 χρυσεαν
768 2270 823 2350 μίν
845 2267 996 2353 διςμύρια,
1154 2259 1155 2286 ¹

72 2354 212 2441 α’ρχύρεα
241 2359 274 2420 δὲ
285 2353 547 2464 τετρακιςμύρια.
591 2358 656 2418 Καί
677 2359 799 2458 λυχνίας
832 2359 864 2420 δε
869 2360 997 2467 μυριας

72 2447 201 2522 ε’τιοίησε
222 2438 299 2507 κατά
321 2469 377 2522 την
397 2442 557 2516 Μαῦσίως
580 2440 772 2526 προςταχην,
801 2440 884 2517 ἐξ
860 2466 902 2507 σιν
924 2448 998 2527 μίαν

68 2529 279 2606 ’ἐνέθηκεν
250 2533 302 2608 εις”
313 2529 348 2594 τδ
351 2558 367 2595 ν
388 2527 470 2609 ναῦν,
493 2533 543 2594 ἵνα
565 2532 690 2606 καίηται
703 2525 812 2592 καδ’“
792 2529 909 2614 ημίραν
923 2529 998 2598 οἷκοὁ

68 2615 198 2690 λούδαις
219 2617 263 2699 τῷ
284 2613 386 2724 νόμῳ,
409 2643 459 2682 και
451 2613 647 2719 τράπεζαν
648 2617 751 2697 μίαν’
735 2615 926 2700 επικειμίνην
939 2617 997 2724 άρε

72 2727 149 2780 τους
178 2702 258 2786 πρός
286 2699 323 2768 τά
350 2701 473 2810 βόρειον
491 2705 550 2768 τοῦ
570 2703 647 2767 ναοῦ
674 2703 766 2787 μερος
795 2701 921 2789 άντικρδ
942 2707 997 2786 τῆς

74 2792 218 2896 λυχνίας·
257 2786 372 2867 ταύτην
398 2787 457 2899 χάρ
487 2787 567 2854 κατά
596 2787 685 2855 νότον
712 2788 845 2866 ἔστησεν.
907 2795 997 2856 Οδί

72 2875 205 2982 χρύσεος
232 2873 336 2980 βαχμδς
364 2879 457 2958 μεὀας
484 2875 586 2941 αῦτῦν
606 2874 712 2944 ἔκειτο.
760 2878 866 2945 Ταῦτα
895 2875 997 2942 πάντα

73 2961 204 3050 εἶχενι
186 2987 203 3028 α
234 2963 295 3027 νῦν
317 2959 545 3045 τεσσαράκοντα
572 2960 694 3046 πήχεων
714 2961 815 3041 οἶκος,
851 2988 928 3070 προ
940 2963 998 3028 τοῦ

72 3047 350 3132 καταπετάσματος
378 3075 433 3114 του
420 3046 578 3112 άδύτου.
622 3051 683 3124 Εἰς
711 3048 801 3114 τοῦτο
821 3048 879 3136 χάρ
908 3047 928 3125 ἡ
950 3075 996 3114 m-

70 3135 175 3222 βωτδς
196 3133 296 3219 εμελλε
317 3138 452 3201 κεῖσθον.
987 3161 992 3175 ·

162 3235 194 3292 8.
217 3219 423 3332 Οἰνοχόαςὲ
391 3226 423 3288 δὲ
442 3249 458 3288 ο
451 3217 621 3305 βασιλεῦς
634 3216 825 3302 μυριάδας’
807 3215 888 3284 οκταλ
905 3243 996 3286 κατε·

69 3307 220 3387 ακεύαεε,
243 3313 294 3373 καί
316 3307 433 3415 φιάλαν
453 3311 614 3416 χρυσίων,
614 3307 703 3385 δίκα,
725 3306 876 3414 άρχυράις
891 3310 925 3378 δὲ
946 3311 995 3373 διι

66 3357 252 3474 πλασίανάς.
293 3391 442 3462 Πινάκαιν
465 3399 496 3460 δὲ
516 3395 668 3484 χρυσίων,
691 3397 735 3469 είς
756 3418 790 3460 το
813 3398 1003 3482 προςφίρειν·
